3266 5062
743 338 965 400 ,12-

354 517 480 584 Deinde
519 516 639 596 missis,
680 515 734 596 qui
776 515 879 581 socios
920 516 963 582 ad
996 516 1177 583 contionem
1215 521 1440 600 convocarent,

265 623 435 707 Philippus
463 643 499 689 se
526 621 664 689 contulit
688 622 829 706 Tegeam
853 623 896 690 ad
918 622 1247 689 Lacedaemoniorum
1270 623 1442 705 rempubli-

265 749 335 797 cam
358 730 550 812 pacandam,
574 731 659 796 uude
687 731 785 796 rediit
813 729 1010 795 Corinthum.
1070 729 1136 795 Ubi
1164 749 1235 795 cum
1263 729 1343 796 socii
1370 748 1442 796 con-

265 837 371 920 gressi
394 837 478 903 bello
501 837 655 918 persequi
674 837 807 902 Aetolos
832 836 1039 916 statuissent,
1072 855 1131 902 rex
1155 841 1191 902 ut
1213 837 1297 902 bello
1321 856 1442 902 moram

265 943 397 1010 afferret
421 944 503 1009 clam
526 943 567 1008 ad
591 961 645 1008 eos
668 942 798 1009 litteras
816 942 914 1022 misit,
942 943 998 1008 sed
1018 943 1128 1008 Aetoli
1146 961 1181 1009 se
1199 942 1245 1008 nil
1268 943 1442 1010 decernere

264 1068 359 1133 posse
378 1050 615 1132 responderunt
634 1054 711 1115 ante
730 1049 909 1116 contionem
928 1048 1082 1128 habitem,
1109 1049 1144 1114 iu
1168 1068 1232 1130 qna
1254 1050 1349 1131 paulo
1368 1054 1442 1132 post

264 1156 399 1239 Scopam
419 1160 614 1223 creaverunt
632 1157 744 1222 ducem
762 1155 921 1222 Kalendis
940 1155 1142 1222 Octobribus

355 1263 425 1328 Has
449 1281 502 1329 res
520 1263 699 1346 Ungerus
718 1267 808 1329 recte
827 1261 1007 1346 cognovit)
1026 1281 1091 1328 nou
1110 1261 1289 1329 excessisse
1308 1263 1442 1328 duorum

265 1368 421 1434 mensium
445 1370 592 1453 spatium.
638 1371 692 1435 Ita
716 1369 898 1435 necessario
918 1388 954 1434 eo
975 1369 1170 1448 deducimur,
1193 1373 1231 1434 ut
1250 1368 1443 1452 olympiadis

267 1475 333 1540 140
359 1474 488 1542 initium
515 1477 640 1541 duobus
668 1475 830 1542 mensibus
859 1479 936 1540 ante
963 1475 1131 1541 Kalendas
1154 1475 1312 1541 Octobres
1335 1475 1369 1540 id
1392 1480 1443 1540 est

264 1581 300 1646 11
323 1600 432 1648 meuse
455 1581 573 1648 Sextili
596 1602 760 1665 ponamus,
783 1601 846 1664 qua
869 1601 905 1648 11
930 1581 1024 1648 simul
1043 1601 1082 1647 11
1101 1581 1340 1661 confirmantur,
1359 1601 1442 1662 quae

266 1705 364 1770 supra
388 1688 428 1754 de
452 1689 644 1772 olympiadis
669 1691 733 1755 140
756 1689 850 1754 initio
875 1688 1022 1755 diximus.

353 1795 383 1860 E
404 1795 532 1877 Polybii
550 1794 653 1879 igitur
670 1795 859 1862 narratione
878 1795 1092 1878 olympiadem
1112 1795 1178 1860 140
1196 1813 1305 1862 mense
1323 1793 1442 1860 Sextili

266 1906 403 1983 apparet
430 1901 603 1984 incepisse,
633 1903 716 1983 quod
740 1903 993 1984 comprobabunt
1015 1901 1205 1983 astronomi,
1234 1900 1440 1982 quiquidem

214 2008 217 2015 '
264 2007 323 2073 IX.
347 2008 420 2074 Kal.
444 2007 532 2090 Sept.
556 2015 833 2091 computaverunt.
908 2083 911 2090 ,

353 2113 555 2198 Olympiadis
582 2115 646 2180 140
672 2115 745 2181 finis
778 2116 960 2182 luculenter
991 2115 1199 2200 cognoscitur
1231 2115 1440 2210 11711111

264 2215 358 2307 ῆμεϊς
378 2222 412 2286 δὲ
431 2227 491 2286 νῦν
510 2224 571 2304 μὲν
591 2221 647 2288 ἐπὶ
665 2221 791 2288 τούτων
810 2228 875 2288 τῶν
894 2228 1016 2309 καιρῶν
1030 2229 1087 2310 τῆς
1102 2219 1274 2309 διηγήσεως
1288 2219 1439 2308 λῆξομεν,

265 2324 340 2392 ἐπεὶ
371 2326 616 2414 διεληλύθαμεν
648 2324 685 2402 ἃς
717 2328 870 2415 περιέσχε
899 2335 964 2394 τῶν
992 2352 1028 2395 τε
1056 2327 1139 2394 κατὰ
1168 2325 1229 2416 τῆν
1255 2323 1357 2394 Ἀσίαν
1385 2330 1439 2392 καὶ

263 2438 329 2497 τῶν
346 2429 540 2520 Ἑλληνικῶν
563 2433 714 2518 πράξεων
734 2431 754 2522 ἡ
778 2432 1020 2523 τετταρακοστῆ
1039 2441 1104 2501 τῶν
1124 2431 1339 2517 ὀλυμπιάδων
1357 2430 1439 2520 πρὸς

263 2549 333 2612 ταῖς
352 2538 477 2606 ἑκατόν.
511 2541 666 2625 Quintum
679 2542 797 2608 librum
816 2541 987 2626 Polybium
1000 2542 1167 2608 finiturum
1186 2540 1287 2607 fuisse
1310 2559 1440 2624 pugnae

265 2643 444 2712 Cannensis
462 2652 606 2731 tempore
625 2668 684 2716 eo.
697 2650 770 2730 105,
793 2650 835 2714 10
854 2654 999 2731 apparet.
1038 2648 1130 2733 Quod
1154 2649 1381 2730 comprobatur
1404 2651 1440 2713 et

263 2753 360 2817 rebus
397 2754 605 2833 sequentibus
642 2761 676 2822 11
712 2755 814 2838 ipsius
852 2755 947 2821 huius
978 2775 1108 2839 pugnae
1140 2753 1440 2821 commemoratione

264 2859 374 2939 1111,
391 2859 420 2925 8.
453 2859 568 2927 Finem
586 2861 689 2946 igitur
709 2861 902 2946 olympiadis
922 2863 987 2928 140
1007 2901 1050 2909 -
1069 2882 1142 2927 nam
1161 2861 1276 2927 messis
1293 2865 1440 2942 tempore

263 2964 463 3031 commissam
486 2985 559 3032 esse
581 2988 721 3052 pugnam
746 2967 946 3035 Cannensem
969 2970 1034 3034 iam
1056 2967 1372 3034 commemoravimus
1395 3005 1440 3014 -

263 3069 291 3135 si
314 3071 423 3137 eodem
453 3073 544 3138 modo
569 3079 666 3156 atque
688 3094 788 3157 supra
811 3074 853 3160 (p.
865 3075 898 3160 9)
924 3075 1097 3142 statuimus
1120 3074 1274 3140 incidisse
1297 3073 1331 3139 in
1354 3092 1440 3139 men·

263 3195 330 3242 sem
349 3177 552 3261 anuctssem,
576 3181 662 3246 haud
685 3201 705 3246 a
728 3200 805 3249 vero
829 3183 1059 3249 aberrabimus.
1101 3181 1190 3265 Quae
1211 3181 1276 3247 iam
1299 3180 1440 3248 vidimus

264 3285 418 3363 quomodo
443 3292 626 3369 congruant
648 3306 720 3353 cum
743 3294 998 3355 astronomorum
1022 3288 1269 3370 computatione.

351 3389 422 3456 Iam
445 3395 482 3456 ut
500 3393 645 3476 singulos
667 3412 856 3476 percurram
879 3395 1071 3479 olympiadis
1095 3395 1160 3460 140
1183 3413 1293 3472 annos,
1316 3393 1439 3476 primus

175 3533 178 3540 ,
263 3498 391 3577 quando
406 3498 556 3565 adfinem
571 3500 768 3583 pervenerit,
783 3502 864 3568 satis
881 3500 1437 3582 diserteindicaturIV66,7-67,1

303 3645 309 3650 -
355 3606 522 3679 Φίλιππος
549 3604 623 3681 τούς
650 3608 713 3690 μὲν
735 3607 929 3681 Μακεδόνας
957 3611 1095 3695 διαφῆκε
1123 3605 1251 3680 πάντας
1279 3606 1346 3673 ἐπὶ
1369 3604 1439 3694 τῆν

263 3715 328 3797 τῆς
351 3705 504 3796 ὀπώρας
531 3712 783 3801 σνγκομιδῆν,
807 3711 905 3787 αὐτὸς
928 3715 962 3779 δὲ
985 3716 1165 3798 πορευθείς
1184 3713 1230 3786 εἰς
1253 3715 1439 3779 Θετταλίαν

263 3811 305 3880 τὸ
328 3814 469 3882 λοιπὸν
492 3825 608 3905 με’ρος
630 3825 699 3884 τοῦ
722 3825 865 3907 θέρους
888 3819 924 3887 ἐν
947 3827 1076 3910 Λαρίση
1100 3824 1219 3907 διῆγεν.

352 3919 449 3988 κατὰ
478 3925 516 3990 δὲ
544 3920 610 3991 τὸν
638 3923 773 4009 καιρὸν
797 3932 937 3993 τοῦτον
960 3927 1106 4011 Αἰμίλιος
1130 3926 1164 3993 ἐκ
1189 3932 1245 4010 τῆς
1267 3923 1440 4013 Ἰλλυρίδος

264 4028 370 4117 εἰσῆγε
402 4031 560 4117 λαμπρῶς
596 4031 642 4104 εἰς
678 4029 738 4120 τῆν
765 4028 889 4121 Ῥώμην
921 4032 978 4099 τὸν
1012 4039 1199 4121 θρίαμβον,
1237 4029 1377 4118 Ἀννίβας
1406 4035 1439 4098 δὲ

263 4135 443 4203 Ζοίκανθαν
463 4133 587 4224 ῆρηκώς
605 4137 688 4204 κατὰ
708 4137 824 4226 κράτος
847 4142 972 4207 διέλυσε
997 4138 1054 4214 τὰς
1078 4139 1233 4223 δυνάμεις
1252 4139 1298 4214 είς
1316 4164 1439 4227 παρα·

264 4250 481 4327 χειμασίαν.

354 4387 374 4456 1)
393 4386 458 4454 phil.
478 4387 600 4442 XXXIII
617 4404 644 4456 p.
663 4387 724 4442 243.
