3266 5062
716 339 915 402 -6-

226 534 286 580 uos
308 520 540 597 pervenerunt,
569 513 767 597 olympiades
795 515 938 611 incipere
961 535 981 582 a
1003 521 1157 599 tempore,
1174 498 1242 598 ¹quo
1266 519 1403 602 ageban-

228 627 284 688 tur
308 619 499 705 Olympia1),
522 620 556 686 in
580 621 819 703 deperditarum
837 607 983 704 reliquiis
1002 643 1023 688 a
1041 623 1259 707 Vergiliarum
1279 644 1404 705 occasu,

230 728 320 794 cuius
343 728 461 794 iudicio
490 746 604 796 vereor
631 726 846 808 subscribere,
871 748 1060 810 quamquam
1084 729 1205 796 acriter
1228 730 1403 797 meditatus

227 835 289 900 hac
317 835 357 900 de
385 853 420 900 re
447 835 585 917 protulit
612 840 646 901 et
673 835 788 919 grauia
816 840 850 900 et
871 833 967 900 utilia
994 836 1156 902 nonnulla.
1202 835 1266 903 Sed
1288 857 1404 920 nuper·
1436 897 1441 906 .

230 941 309 1006 rime
332 941 536 1008 Nissenius
563 942 633 1025 ipse
660 941 824 1024 putandus
852 946 902 1007 est
925 960 991 1007 rem
1017 941 1121 1007 denuo
1145 942 1346 1010 examinasse
1370 951 1404 1010 et

226 1046 450 1130 perpendisse
481 1067 620 1129 namque
652 1067 784 1130 prorsus
815 1067 933 1115 novam
965 1048 1168 1115 sententiam·
1190 1050 1272 1116 Mus.
1300 1050 1402 1117 Rhen.

227 1153 388 1223 volumine
420 1155 491 1220 XL.
524 1153 651 1236 publico
684 1154 802 1221 iudicio
833 1153 1020 1237 proposuit,
1063 1174 1104 1221 ex
1136 1175 1200 1237 qua
1231 1176 1316 1224 nova
1347 1157 1403 1223 lux

228 1262 383 1328 obscurae
406 1259 588 1342 quaestioni
611 1260 767 1346 affulgere
789 1260 926 1328 videtur.
1306 1275 1308 1282 ·

316 1367 401 1450 Ipsis
425 1366 509 1433 enirn
533 1367 743 1435 certaminum
767 1366 986 1452 Olympiorum
1013 1368 1212 1450 temporibus
1234 1370 1404 1454 Polybium

228 1475 427 1558 singularum
452 1475 546 1541 docet
568 1475 742 1557 adaptasse
770 1474 985 1559 olympiadum
1013 1474 1117 1542 initia.
1164 1477 1279 1542 Totius
1301 1476 1404 1560 igitur

228 1580 428 1663 quaestionis
460 1582 557 1646 cardo
586 1586 740 1649 versatur
771 1581 806 1647 in
836 1582 907 1664 ipso
940 1580 1189 1664 uniuscuiusque
1217 1583 1404 1650 certaminis

230 1688 371 1772 Olympii
403 1693 547 1770 tempore
579 1687 766 1754 definiendo.
821 1689 904 1752 Nam
936 1706 1007 1753 cum
1035 1687 1186 1771 Olympia
1217 1709 1281 1754 non
1314 1696 1403 1755 certo

228 1795 364 1876 quodam
389 1813 577 1876 semperque
604 1795 713 1860 eodem
743 1795 807 1876 die,
836 1795 893 1860 sed
920 1813 1028 1860 mense
1055 1796 1148 1862 modo
1172 1795 1289 1862 Sextili
1312 1796 1404 1860 modo

228 1900 411 1983 Septembri
434 1905 510 1966 acta
533 1920 604 1966 esse
627 1921 645 1966 e
668 1902 765 1968 schol.
790 1902 832 1966 ad
854 1901 990 1967 Pindari
1013 1900 1195 1968 011Π33
1217 1907 1307 1969 11111
1331 1921 1404 1967 con·

228 2008 363 2074 clusisse
390 2006 541 2075 videatur
572 2007 789 2088 Nissenius,
821 2009 861 2074 de
889 2013 958 2074 toto
991 2027 1116 2090 semper
1147 2028 1255 2075 mense
1287 2007 1404 2075 incerti

228 2134 351 2195 sumne,
375 2113 465 2179 curius
488 2114 536 2179 rei
558 2115 639 2181 haec
662 2120 713 2180 est
736 2134 843 2181 causa.
890 2114 1074 2180 Ootaeteris
1098 2134 1180 2195 quae
1204 2114 1324 2181 dicitur
1347 2134 1403 2180 un-

228 2222 396 2287 decentum
419 2221 573 2286 mensium
597 2221 723 2304 longior
748 2221 811 2288 fuit
834 2241 928 2303 quam
952 2226 1023 2286 octo
1052 2221 1130 2286 solis
1156 2221 1234 2287 anni
1261 2241 1324 2288 uno
1353 2221 1404 2286 die

228 2332 326 2409 atque
349 2325 495 2406 dimidio,
523 2329 607 2393 unde
634 2327 745 2407 fiebat,
773 2333 811 2393 ut
834 2327 984 2412 Olympia
1011 2327 1115 2410 magis
1143 2328 1310 2412 magisque
1331 2347 1403 2411 pro

230 2440 398 2501 currerent
424 2434 459 2499 in
487 2438 683 2500 autumnum.
739 2432 832 2516 Quod
859 2434 946 2500 iuter
973 2434 1068 2500 lunae
1100 2439 1133 2526 et
1165 2434 1243 2500 solis
1276 2453 1403 2500 cursum

230 2540 403 2608 discrimen
429 2545 505 2623 post
532 2541 657 2622 cyclum
684 2545 812 2607 centum
845 2541 1018 2626 sexaginta
1049 2561 1205 2607 annorum
1237 2546 1404 2624 peractum

228 2648 455 2715 removebatur
482 2646 598 2712 omisso
627 2667 689 2713 uno
713 2667 822 2714 mense
847 2647 1045 2728 intercalari,
1069 2648 1180 2729 itaque
1203 2648 1404 2731 singularum

229 2754 445 2838 olympiadum
467 2752 564 2819 initia
587 2753 768 2821 definienda
791 2760 867 2821 sunt
890 2755 1011 2838 duplici
1033 2755 1156 2820 dierum
1179 2753 1305 2820 notitia.

317 2861 371 2926 Ex
403 2861 464 2926 hac
491 2859 712 2944 Olympiorum
743 2862 898 2944 temporis
929 2861 1056 2927 ratione
1085 2860 1213 2928 diversa
1241 2859 1404 2942 Olympia-

230 2969 302 3035 dum
326 2967 435 3044 initia,
464 2985 546 3047 quae
574 2969 661 3049 apud
687 2967 858 3052 Polybium
890 2986 961 3033 esse
994 2968 1167 3034 statuenda
1200 2986 1308 3034 omnes
1339 2965 1404 3033 viri

230 3074 318 3140 docti
341 3074 556 3153 consentiunt,
580 3073 700 3157 optime
722 3080 858 3156 possunt
882 3073 1047 3156 explicari.
1094 3071 1096 3078 ’

318 3180 526 3263 Computavit
566 3186 672 3247 autem
715 3180 919 3248 Nissenius
961 3182 1133 3247 secundum
1174 3180 1262 3246 illam
1303 3179 1403 3245 inter·

229 3287 357 3356 calandi
389 3287 565 3369 rationem,
599 3307 662 3369 qua
689 3288 863 3354 octaeteris
890 3288 1067 3371 adaptatur
1095 3292 1166 3353 octo
1195 3285 1272 3353 solis
1301 3285 1404 3366 annis,

229 3394 444 3477 olympiadum
471 3394 547 3460 inde
575 3414 595 3460 a
624 3395 688 3460 140
715 3413 816 3475 usque
843 3395 885 3460 ad
915 3397 978 3460 149
1006 3393 1102 3460 initia
1125 3390 1164 3459 ’11
1195 3395 1280 3459 huno
1313 3392 1405 3459 dedit

227 3505 446 3583 conspectum:

412 3607 451 3674 ol.
476 3611 541 3674 140
581 3609 641 3676 ΙΧ.
659 3609 732 3675 Κ11.
756 3608 843 3690 Sept.
970 3607 1029 3674 IX.
1053 3607 1125 3673 Kal.
1150 3607 1220 3672 Oct.

413 3714 540 3781 11141
577 3717 638 3783 ΠΙ.
657 3717 704 3783 Id.
728 3715 817 3782 Sext.
988 3715 1026 3781 V.
1050 3716 1097 3781 Id.
1121 3713 1210 3796 Sept.

411 3820 450 3887 ol.
476 3823 539 3885 142
563 3822 637 3888 VII.
656 3821 729 3888 Kal.
753 3820 841 3903 Sept.
936 3822 1027 3886 VIII.
1051 3820 1124 3886 Kal.
1149 3819 1220 3885 Oct.

412 3928 451 3994 ol.
477 3929 541 3993 143
565 3928 675 3994 Pridie
698 3929 745 3994 Id.
770 3927 859 3993 Sext.
967 3927 1027 3992 III.
1051 3927 1098 3992 Id.
1123 3925 1211 4008 Sept.

412 4036 450 4102 ol.
477 4037 540 4100 144
582 4035 638 4101 VI.
661 4035 734 4101 Kal.
759 4033 846 4116 Sept.
955 4034 1028 4099 VH.
1052 4033 1125 4099 Kal.
1150 4032 1219 4099 Oct.

227 4153 443 4162 *-

320 4193 339 4265 ¹)
358 4195 425 4250 haec
443 4195 576 4250 secundae
598 4199 660 4262 post
682 4191 831 4247 solstitium
850 4191 990 4246 candentis
1014 4197 1043 4247 et
1065 4192 1162 4260 plenae
1184 4191 1265 4246 lunae
1283 4195 1404 4257 tempore

193 4329 195 4332 .
228 4282 245 4337 i.
266 4299 288 4339 1.
308 4298 399 4338 mense
417 4281 513 4337 Sextili
531 4283 576 4337 vel
595 4288 714 4336 extremo
734 4280 865 4347 Quinotili
883 4287 946 4336 aeta
965 4297 1023 4337 esse
1041 4297 1166 4351 perverse
1184 4281 1273 4336 docet:
1294 4279 1403 4348 ctphil.

228 4372 350 4426 XXXHI
367 4389 391 4441 p.
412 4372 465 4425 228
483 4388 521 4439 sq.
