3266 5062
624 283 625 287 λ
700 301 922 400 415,-

220 505 311 587 pacis
327 503 538 572 condiciones
562 504 765 572 Nissenius
789 511 823 572 et
841 504 1158 590 Steigemannius
1181 512 1301 590 putant
1324 529 1398 576 con·
1429 483 1431 490 Ι
1503 572 1506 580 .

219 612 348 679 venisse
361 630 470 678 mense
484 612 675 694 Septembri
693 613 777 692 quod
792 612 918 693 quidem
934 612 1013 679 licet
1022 616 1214 682 concludere
1233 635 1252 683 e
1269 618 1399 702 Polybii

12 709 15 714 ’
113 765 116 770 -
143 750 146 757 ·
218 718 416 786 narratione.
449 717 513 785 Sed
527 718 604 784 anni
622 719 696 784 finis
715 719 811 802 paulo
830 720 1016 786 accuratius
1036 721 1164 787 definiri
1181 728 1299 805 potest,
1310 724 1399 791 dum·

218 825 310 890 modo
330 825 505 908 indagetur
521 826 647 906 quando
665 825 826 908 inceperit
845 826 1035 910 olympiadis
1056 829 1122 894 140
1142 835 1398 910 quartnsannus.

111 1008 113 1010 ,
218 932 271 997 Ad
289 933 374 997 hunc
389 951 415 998 c.
432 933 505 1012 105,
516 934 535 997 3
547 933 716 1014 sequentia
734 932 911 1014 pertinent,
931 934 988 999 ubi
1002 935 1114 1016 paucis
1130 936 1169 1002 de
1182 937 1399 1005 Romanorum

219 1037 416 1104 auctoritate
447 1039 634 1120 praemissis
670 1040 751 1105 haec
784 1039 939 1123 leguntur
967 1039 1006 1126 (c.
1033 1041 1161 1128 1001)
1186 1040 1301 1124 Ἀχαιοὶ
1336 1049 1398 1129 μὲν

218 1134 277 1209 οὖν
297 1139 337 1218 ὡς
350 1150 478 1210 θᾶττον
493 1141 660 1212 ἀπέθεντο
680 1142 738 1212 τὸν
752 1144 909 1229 πόλεμον,
924 1144 1103 1234 στρατηγὸν
1122 1145 1231 1216 αὐτῶν
1247 1150 1399 1236 ἑλόμενοι

222 1250 411 1334 Τιμόξενον.

308 1394 372 1478 Qui
399 1394 526 1474 quando
555 1393 600 1459 sit
628 1398 757 1461 creatus
787 1415 804 1461 e
833 1398 1042 1476 sequentibus
1064 1398 1270 1480 perspicitur.
1315 1401 1397 1466 Nam

219 1504 388 1582 postquam
422 1501 461 1567 de
493 1500 736 1583 Peloponnesiis
750 1565 755 1582 ,
769 1502 955 1570 Ptolemaeo
983 1504 1145 1570 Antiocho
1177 1508 1278 1573 verba
1309 1507 1397 1588 fecit,

218 1607 306 1672 hisce
333 1605 443 1690 pergit
465 1607 621 1690 Polybius
644 1628 669 1675 c.
691 1609 799 1689 107,5
824 1608 961 1674 Αἰτωλοὶ
987 1613 1022 1677 δὲ
1045 1609 1199 1699 παραυτά
1223 1615 1284 1696 μὲν
1308 1610 1397 1680 εὐδο-

220 1719 352 1787 κοῦντος
365 1720 406 1802 τῇ
425 1722 583 1803 γενομένῃ
603 1717 748 1781 διαλύσει
767 1712 848 1802 πρὸς
867 1713 942 1789 τοὺς
956 1713 1095 1797 Ἀχαιοὺς
1114 1715 1155 1792 ὥς
1178 1713 1220 1785 dv
1242 1717 1289 1804 μὴ
1312 1719 1396 1786 κατὰ

220 1818 349 1908 γνώμην
373 1816 484 1894 αὐτοῖς
506 1827 566 1887 τοῦ
584 1824 731 1905 πολέμου
750 1822 1037 1910 προκεχωρηκότος
1059 1823 1122 1910 (διὸ
1144 1829 1199 1891 καὶ
1218 1826 1397 1915 στρατηγὸν

219 1922 362 2007 Ἀγέλαον
376 1928 502 1993 εἵλοντο
518 1926 575 1994 τὸν
592 1927 809 1995 Ναυπάκτιον
819 1932 977 1995 δοκοῦντα
992 1932 1132 1997 πλεῖστα
1148 1935 1396 2021 σνμβεβλῆσθαι

219 2031 302 2116 πρὸς
329 2029 387 2106 τὰς
410 2034 584 2119 διαλύσεις)
609 2073 652 2082 -
676 2039 905 2123 desuetorum,
935 2038 1020 2118 quod
1042 2037 1161 2104 scimus
1179 2039 1301 2105 factum
1325 2060 1396 2107 esse

219 2139 378 2206 Kalendis
400 2140 469 2208 fere
488 2141 693 2210 Octobribus
730 2143 852 2208 Eodem
872 2142 977 2225 igitur
995 2148 1140 2226 tempore
1160 2151 1305 2211 creatum
1325 2165 1396 2214 esse

219 2247 422 2312 Achaeorum
448 2248 679 2331 magistratum
705 2254 850 2331 apparet.
896 2250 1012 2330 Itaque
1040 2255 1175 2330 quartus
1203 2252 1396 2336 olympiadis

222 2353 286 2417 140
308 2372 411 2419 annus
433 2353 549 2436 incipit
572 2375 592 2420 a
615 2355 772 2422 Kalendis
795 2355 1003 2436 Octobribus,
1033 2357 1153 2423 desinit
1176 2359 1295 2425 tertius
1317 2359 1396 2426 item

218 2459 379 2526 Kalendis
402 2458 605 2528 Octobribus.

307 2600 377 2665 Iam
392 2600 529 2685 singulis
544 2604 736 2687 olympiadis
749 2605 812 2670 140
827 2602 921 2670 annis
933 2605 1038 2684 quoad
1047 2605 1118 2671 lieri
1127 2607 1234 2688 potuit
1244 2606 1396 2687 definitis,

219 2726 301 2787 quae
320 2708 483 2788 hucusque
502 2709 676 2792 disputavi,
698 2711 811 2794 paucis
835 2711 1135 2794 comprehendenda
1153 2731 1225 2778 esse
1244 2713 1394 2793 arbitror,

219 2817 257 2877 ut
279 2812 432 2879 facillime
454 2816 681 2899 perspiciatur,
705 2817 880 2898 quidinde
904 2817 1075 2885 fecerimus
1098 2819 1194 2885 lucri:

328 2956 353 3020 Ι.
378 2975 395 3022 e
417 2957 538 3038 primo
563 2965 597 3024 et
620 2958 791 3025 seeundo
815 2959 897 3025 libro
921 2960 1003 3026 nihii
1022 2962 1062 3028 de
1081 2961 1297 3045 olympiadum
1315 2967 1395 3027 tem-

377 3081 456 3144 pore
479 3070 616 3132 constat.
726 3115 730 3124 .
1110 3078 1113 3084 '

311 3204 354 3268 II.
378 3223 396 3270 e
424 3205 546 3284 tertio
573 3207 656 3272 libro
685 3207 899 3291 olympiadem
925 3210 989 3275 140
1017 3209 1222 3292 cognoscitur
1246 3209 1394 3276 desinere

378 3330 486 3378 mense
518 3312 712 3396 Quinctili
749 3313 937 3399 (secundum
974 3320 1230 3384 astronomorum
1268 3336 1395 3398 compo·

371 3417 534 3486 tationem
557 3421 617 3486 Ill.
636 3420 684 3487 Id.
703 3419 813 3503 Sext).

295 3539 355 3604 HL
377 3541 411 3606 in
435 3549 573 3622 quarto
598 3550 631 3610 et
654 3544 789 3625 quinto
812 3545 895 3611 libro

431 3665 463 3752 a)
483 3668 640 3751 olympias
665 3669 731 3734 140
753 3669 869 3752 incipit
892 3690 912 3736 a
935 3669 1205 3737 menseSextili
1234 3668 1308 3756 (seo.
1332 3675 1395 3736 ast.

485 3778 623 3856 comput.
646 3774 705 3840 IX.
734 3775 808 3842 Kal.
831 3775 945 3862 Sept),
973 3776 1136 3843 adfinem
1163 3776 1255 3844 venit
1286 3796 1395 3843 mense

485 3880 677 3964 Quinctili
701 3881 777 3968 (sec.
801 3887 862 3949 ast.
886 3889 1022 3965 comput.
1046 3884 1106 3950 ΠΙ.
1130 3884 1178 3950 Id.
1202 3882 1318 3970 Sext.);

430 4004 465 4090 b)
483 3995 673 4074 Kalendis
692 4006 927 4074 Octobribus
946 4007 1104 4075 finiuntur
1122 4008 1314 4092 olympiadis
1330 4007 1395 4072 140

484 4111 606 4193 primus
630 4118 663 4178 et
686 4112 805 4178 tertius
830 4132 949 4196 annus3
981 4115 1060 4180 item

445 4236 676 4303 aKalendis
704 4236 938 4304 Octobribus
965 4237 1080 4321 incipit
1108 4239 1299 4323 olympiadis
1330 4240 1395 4305 140

486 4348 621 4423 quartus
644 4362 756 4410 annus.
