3266 5062
745 313 965 378 -14...

271 487 331 574 (IV
346 490 398 570 36,
410 489 563 569 7—37‚1
589 489 722 575 V1,3),
746 509 804 556 neo
827 489 911 557 κατὰ
935 488 993 557 τὸν
1016 488 1131 577 καιρὸν
1157 499 1276 558 τοῦτον
1299 497 1337 560 ut
1360 495 1442 560 satis

269 601 397 663 constat
420 596 593 677 quidquam
616 596 779 682 significat
802 597 866 663 nisi
889 596 949 664 ‘his
971 598 1041 664 iere
1064 597 1280 681 temporibus'.

356 703 503 769 Aliorum
525 722 603 771 vero
627 704 815 787 poprdorum
839 723 906 784 reS,
930 724 1010 785 quas
1028 705 1185 787 Polybius
1207 704 1345 772 inseruit
1368 707 1442 774 huic
1499 741 1502 746 ·

270 810 461 890 narrationi,
480 809 607 890 quaudo
626 810 693 878 sint
714 817 828 894 gestae
846 811 875 878 si
894 812 1085 892 quaerimus,
1104 830 1237 894 prorsus
1257 812 1299 878 ad
1312 811 1441 879 irritum

265 916 428 999 redigitur
446 916 596 1000 Ungcri
619 918 790 985 sententia.
827 918 972 990 Primum
994 917 1152 1002 triumphi
1174 919 1293 985 mentio
1317 926 1444 1002 spectat

265 1025 307 1090 ad
334 1024 435 1091 verba
463 1020 500 1088 τὸ
527 1020 645 1090 λοιπὸν
677 1032 774 1111 μέρος
801 1030 861 1092 τοῦ
893 1030 1024 1112 θέρους,
1057 1025 1146 1092 illum
1180 1026 1264 1093 enim
1288 1026 1442 1110 Polybius

264 1130 317 1196 III
330 1130 380 1211 19,
393 1131 433 1194 12
450 1131 545 1196 docet
563 1136 670 1198 actum
689 1150 760 1198 esse
775 1137 914 1200 exeunte
930 1136 1065 1198 aestate.
1094 1133 1176 1198 Tum
1191 1133 1293 1199 verba
1306 1129 1443 1218 Ἀννίβας

192 1251 194 1269 ’
266 1239 300 1303 δὲ
331 1235 512 1304 Ζιίκανθαν
540 1235 665 1325 ᾑρηκώς
696 1236 779 1304 κατὰ
812 1237 929 1324 κράτος
962 1240 1088 1305 διέλυσε
1120 1235 1178 1313 τὰς
1210 1237 1365 1321 δυνάμεις
1397 1239 1443 1312 εἰς

265 1350 531 1431 παραχειμασίαν
545 1344 731 1428 discrepare
746 1365 817 1412 cum
830 1363 890 1412 sua
904 1346 1066 1413 sententia
1081 1346 1151 1428 ipse
1160 1346 1291 1414 videtur
1301 1345 1442 1412 sensisse

266 1451 452 1534 Ungerus.
489 1452 571 1518 Nam
595 1471 665 1518 eam
689 1452 885 1519 obsidionem
908 1473 990 1534 quae
1014 1452 1150 1535 Polybio
1174 1457 1259 1518 teste
1283 1453 1335 1518 HI
1351 1454 1401 1531 17,
1420 1454 1440 1518 9

267 1557 398 1625 duravit
429 1563 502 1624 octo
534 1578 593 1642 per
621 1577 760 1640 menses,
793 1579 834 1626 ne
865 1559 984 1626 mensis
1011 1558 1146 1625 Sextilis
1174 1558 1269 1625 finem
1296 1560 1442 1639 excedat,

267 1664 419 1745 opinatur
441 1665 585 1748 coepisse
608 1684 629 1730 a
650 1683 760 1732 mense
782 1666 944 1732 Ianuario.
991 1665 1055 1733 Sed
1086 1665 1133 1731 nil
1164 1666 1254 1732 valet
1285 1666 1334 1731 IV
1354 1667 1439 1746 28,1

266 1789 358 1850 quem
373 1771 475 1838 locum
495 1772 537 1837 ad
552 1771 746 1838 sententiam
762 1772 1010 1838 confirmandam
1024 1772 1157 1855 profert.
1181 1771 1233 1837 Ibi
1242 1772 1326 1838 enirn
1337 1792 1440 1840 sermo

265 1883 315 1942 est
338 1878 378 1944 de
401 1878 460 1957 eis,
485 1897 568 1958 quae
591 1879 633 1944 ad
656 1877 853 1945 obsidionem
877 1878 1062 1946 necessaria
1089 1882 1197 1958 erant,
1230 1879 1440 1961 adparandis;

264 2003 334 2050 eam
348 1983 451 2066 ipsam
466 2003 484 2050 e
497 1985 550 2052 HI
560 1985 637 2064 17,1
650 2004 695 2066 sq.
705 1985 754 2051 IV
769 1986 810 2050 37
829 1984 1036 2068 cognoscitur
1050 1985 1194 2067 coepisse
1208 1985 1340 2051 ineunte
1355 2005 1440 2054 vere.

352 2090 507 2157 Videmus
534 2091 651 2176 igitur,
684 2111 753 2157 cum
783 2093 845 2158 hae
873 2110 998 2172 quoque
1024 2110 1078 2156 res
1107 2110 1171 2158 uon
1199 2096 1276 2158 ante
1304 2093 1442 2159 aestatis

262 2197 357 2264 finem
375 2198 428 2266 vel
446 2217 588 2266 mensem
601 2198 756 2266 Sextilem
776 2203 925 2266 exactum
946 2203 1060 2282 gestae
1079 2199 1154 2280 sint,
1173 2199 1373 2282 comprobari
1392 2218 1440 2279 ea,

263 2322 346 2385 quae
369 2323 468 2386 supra
490 2306 531 2371 de
553 2309 731 2388 temporum
755 2306 883 2372 ratione
906 2305 1118 2388 exposuimus.

350 2411 457 2494 Pergo
487 2411 529 2478 ad
551 2411 645 2478 tertii
668 2412 862 2478 annifinem
887 2412 1113 2493 definiendum,
1143 2432 1235 2493 quem
1258 2411 1336 2478 item
1358 2418 1437 2494 puto

261 2515 362 2584 fuisse
386 2516 543 2584 Kalendis
565 2516 634 2584 fero
657 2517 865 2585 Octobribus:
895 2519 934 2585 cf.
958 2520 1113 2599 Vrsae
1138 2520 1300 2586 τοῦτοδὲ
1328 2517 1438 2584 πάντα

261 2630 379 2711 συνέβη
408 2623 668 2705 γενέσθαικατὰ
696 2622 754 2692 τὸν
782 2631 893 2712 τρίτον
922 2623 1073 2692 ἐνιαυτὸν
1100 2631 1157 2713 τῆς
1189 2625 1362 2713 ἑκατοστῆς
1384 2629 1439 2690 καὶ

261 2736 518 2818 τετταρακοστῆς
546 2727 760 2814 ὀλυμπιάδος,
788 2733 867 2814 λέγω
901 2734 936 2798 δὲ
968 2731 1028 2820 την
1060 2738 1126 2798 τῶν
1162 2729 1327 2815 Ῥωμαίων
1358 2735 1438 2818 περὶ

265 2842 451 2923 Τυρρηνίαν
483 2835 592 2926 μάχην
625 2841 679 2904 καὶ
707 2835 769 2926 τὴν
795 2835 954 2920 Ἀντιόχου
982 2843 1061 2926 περὶ
1088 2841 1200 2927 κοίλην
1227 2844 1358 2927 Συρίαν,
1387 2837 1439 2906 ἔτι

261 2945 296 3009 δὲ
318 2939 375 3015 τὰς
398 2939 527 3022 Ἀχαιῶν
550 2947 605 3009 καὶ
631 2946 801 3012 Φιλίππου
825 2943 907 3032 πρὸς
930 2942 1091 3019 Αἰτωλοὺς
1113 2943 1283 3018 διαλύσεις.

350 3050 479 3116 Nemeis
513 3050 597 3144 enim
628 3050 788 3118 intererat
820 3052 1004 3135 Philippus,
1037 3071 1119 3133 quae
1151 3071 1235 3118 anno
1268 3053 1333 3116 537
1356 3070 1386 3118 u.
1410 3069 1436 3117 c.

260 3157 439 3240 Ungerus
467 3157 730 3243 demonstravit1)
757 3165 834 3225 acta
861 3178 931 3226 esse
960 3165 1104 3226 extremo
1132 3177 1241 3224 mense
1272 3157 1436 3242 Quinctili,

259 3283 331 3330 cnm
353 3263 466 3330 nuntio
490 3283 619 3348 pugnae
642 3266 684 3330 ad
701 3266 807 3332 lacum
826 3265 1080 3332 Trasumennum
1089 3264 1113 3350 ¹2)
1132 3265 1233 3332 allato
1252 3263 1437 3332 Demetrius

259 3370 399 3438 Pharius
423 3371 454 3436 ei
476 3371 588 3437 statim
611 3372 777 3451 suaderet,
805 3376 842 3437 ut
865 3371 1041 3439 desisteret
1063 3391 1084 3439 a
1106 3371 1191 3438 bello
1215 3389 1287 3438 cum
1309 3369 1435 3438 Aetolis

258 3482 352 3562 gesto
376 3478 419 3564 (V
439 3478 512 3558 101,
536 3478 556 3544 5
576 3478 643 3560 so).
750 3549 752 3551 ,
1388 3539 1390 3544 .

348 3584 532 3652 Narrantur
542 3583 585 3670 (V
595 3585 668 3666 101,
676 3584 817 3664 6-105,
824 3584 857 3670 3)
868 3584 983 3651 deinde
993 3585 1083 3667 pacis
1093 3585 1298 3652 condiciones
1309 3589 1343 3650 et
1351 3581 1436 3650 aliae

258 3709 320 3768 res,
345 3709 425 3771 quas
448 3709 557 3756 omnes
581 3691 786 3778 Ungerusss)
810 3711 869 3774 pro
893 3696 982 3758 certo
1006 3691 1148 3757 affirmat
1170 3709 1234 3758 non
1257 3690 1436 3757 excessisse

258 3797 335 3863 XII.
354 3797 427 3864 Kal.
447 3796 545 3880 Sept,
571 3797 606 3864 in
629 3817 722 3878 quem
745 3802 813 3864 tum
841 3796 958 3863 incidit
981 3798 1140 3864 secundae
1161 3802 1236 3880 post
1260 3795 1435 3862 solstitium

259 3903 429 3972 candentIs
452 3909 486 3970 et
508 3904 622 3986 plenae
645 3905 741 3972 lunae
764 3904 843 3972 dies.
881 3904 945 3970 Sed
968 3923 986 3970 e
1010 3904 1192 3970 sententiae
1211 3923 1290 3971 suae
1308 3901 1436 3970 ratione

259 4030 332 4078 eum
355 4017 558 4094 computasse
580 4013 665 4079 huno
687 4012 860 4078 terminum
882 4028 974 4076 nemo
997 4030 1062 4076 uon
1084 4011 1183 4078 videt.
1224 4011 1304 4076 Illas
1327 4015 1435 4075 autem

268 4121 418 4128 .—-—.-

347 4171 366 4239 1)
387 4170 530 4227 Scia-Ber.
550 4172 574 4227 d.
594 4171 628 4228 B.
648 4171 731 4227 Acori.
750 4171 775 4226 d.
800 4171 882 4226 Wisa
903 4169 981 4235 1879,
1000 4187 1026 4239 p.
1047 4171 1107 4225 119.

345 4259 366 4330 ²)
385 4258 427 4314 ita
446 4260 517 4314 enim
535 4261 705 4315 scribendum
725 4276 783 4316 esse
802 4260 880 4314 docet
898 4258 1109 4314 Ritschelius
1128 4239 1218 4328 opusc.
1238 4258 1282 4314 III
1300 4274 1326 4326 p.
1346 4258 1370 4320 7,
1391 4255 1433 4310 14.

347 4350 368 4417 ³)
386 4347 452 4416 phil.
471 4349 593 4403 XXXIII
611 4365 636 4417 p.
656 4349 717 4403 245.
