3266 5062
749 360 970 424 „44-

363 558 466 625 Venio
490 559 532 624 ad

275 684 424 767 Pugnae
448 684 494 750 ad
513 684 654 750 insulas
674 681 821 764 negatas
840 681 1055 748 commissae
1075 682 1217 763 tempus
1237 680 1444 747 accuratius

731 805 990 873 deflnIendum.

362 967 458 1034 Fasti
480 966 692 1050 triumphales
715 965 849 1031 tradunt
871 965 952 1031 haec

403 1091 435 1158 C.
459 1091 614 1157 Lutatius
637 1090 670 1157 C.
693 1089 715 1156 f.
738 1089 771 1156 C.
795 1108 825 1155 n.
849 1089 983 1157 Catulus
1006 1090 1135 1157 Procos.
1159 1109 1187 1156 a.
1212 1089 1311 1156 DXII

399 1198 439 1265 de
461 1197 579 1264 Poenis
603 1216 620 1264 e
643 1195 754 1263 Sicilia
775 1195 923 1263 navalem
946 1197 1015 1280 egit
1037 1196 1117 1264 IIII.
1140 1197 1221 1262 Non.
1240 1196 1310 1263 Oct.

362 1323 415 1388 Ex
440 1321 486 1388 eis
509 1320 678 1389 Lutatium
701 1321 851 1387 Catulum
873 1321 1018 1403 sequitur
1037 1319 1255 1403 triumphasse
1272 1338 1443 1404 proconsu·
1470 1345 1473 1351 ·

273 1429 336 1495 lem
359 1429 436 1496 anni
459 1428 523 1494 513
547 1447 656 1495 mense
679 1427 812 1494 Octobri
834 1428 887 1496 vel
911 1427 1029 1494 Sextili
1051 1427 1129 1493 anni
1151 1425 1319 1494 naturalia.

362 1536 454 1619 Quod
476 1555 554 1603 vero
577 1553 636 1618 per
658 1534 761 1600 maius
784 1533 937 1617 temporis
961 1533 1101 1617 spatium
1129 1533 1198 1600 sine
1225 1533 1319 1600 dubio
1342 1533 1444 1599 Luta·

272 1641 339 1709 tius
366 1662 438 1709 cum
464 1643 572 1708 Barca
604 1641 673 1726 egit
705 1641 745 1707 de
772 1642 862 1724 pacis
890 1640 1142 1721 condicionibus
1174 1658 1315 1724 pugnam
1341 1638 1443 1722 ipsam

272 1748 481 1816 incidissem
505 1748 582 1815 anni
604 1748 669 1814 512
694 1752 870 1814 extremam
893 1753 1019 1832 partem
1041 1747 1113 1816 veri
1136 1753 1186 1815 est
1210 1747 1412 1813 simillimum.

362 1856 453 1939 Quod
476 1855 684 1922 confirmatur
705 1855 886 1938 Eutropii
908 1855 978 1921 loco
1001 1855 1036 1920 Π
1056 1855 1107 1935 27,
1130 1854 1185 1921 ubi
1203 1853 1346 1920 traditur
1363 1871 1443 1935 pug-

272 1967 385 2029 natum
407 1981 478 2029 esse
502 1961 550 2029 VI
563 1961 641 2028 idus
664 1961 803 2028 Martias
825 1960 845 2028 i.
865 1981 891 2028 e.
914 1979 1022 2028 mense
1044 1961 1197 2028 Ianuario
1221 1960 1298 2028 anni
1315 1959 1442 2027 Iuliani.

360 2067 552 2135 Diodorus
584 2067 623 2134 fr.
646 2067 762 2133 XXIV
787 2069 826 2132 11
852 2087 934 2149 quae
966 2067 1111 2148 exhibet,
1143 2067 1189 2134 nil
1212 2067 1336 2134 faciunt
1359 2068 1442 2132 hanc

272 2177 314 2243 ad
337 2175 566 2257 quaestionem.

360 2282 456 2366 Apud
479 2281 680 2364 Polybium
707 2279 745 2367 (c.
756 2282 807 2363 59,
823 2283 941 2363 8-61,
952 2280 985 2368 8)
1005 2301 1134 2366 pugnae
1161 2287 1287 2367 tempus
1314 2281 1443 2349 ratioci-

271 2389 377 2455 nando
388 2389 597 2470 assequimur.
624 2388 755 2454 Etenim
764 2389 917 2455 Lutatius
927 2388 1062 2455 Catulus
1073 2388 1237 2471 profectus
1251 2388 1285 2456 in
1300 2386 1441 2456 Siciliam

273 2492 451 2582 ἀρχομένης
473 2500 682 2583 rhodopeius
701 2500 734 2562 et
752 2493 902 2579 Lilybaei
925 2498 959 2560 et
976 2495 1199 2576 Drepanorum
1217 2497 1373 2579 portubus
1392 2514 1443 2561 oc·

272 2601 398 2685 cupatis
416 2601 535 2668 adhoc
559 2601 708 2684 oppidum
726 2599 831 2684 ipsum
849 2599 1058 2668 obsidendum
1081 2600 1187 2668 omnia
1209 2601 1329 2669 dicitur
1350 2621 1443 2685 prae·

271 2726 405 2792 parasse
428 2707 610 2789 militesque
633 2707 816 2775 exercuisse
838 2708 881 2774 ad
902 2727 1042 2794 pugnam
1070 2708 1219 2775 navalem
1246 2709 1442 2774 committen-

271 2814 353 2880 dam.
394 2814 680 2898 Carthaginienses
704 2819 811 2881 autem
834 2834 934 2883 naves
956 2814 1159 2890 instruxisse,
1183 2834 1266 2896 quae
1284 2817 1443 2882 Hannone

272 2921 353 2987 duce
371 2919 550 2987 Hamilcari
574 2919 695 2988 auxilio
713 2921 872 2989 uenirent.
910 2921 1064 3005 Quicum
1084 2921 1125 2988 ad
1148 2921 1283 2988 Hieram
1305 2921 1442 2989 insulam

272 3045 463 3110 congressus
483 3031 569 3093 esset
588 3047 659 3093 cum
668 3027 813 3108 Lutatio,
831 3030 872 3095 ab
892 3047 928 3095 eo
947 3048 1066 3112 magna
1085 3029 1177 3095 clade
1195 3029 1344 3096 affectum
1364 3048 1442 3096 esse.

359 3135 450 3200 Haec
472 3133 602 3218 Polybii
634 3134 780 3200 narratio
813 3135 895 3201 bene
927 3135 1094 3202 conciliari
1124 3141 1234 3220 potest
1266 3155 1336 3202 cum
1364 3141 1443 3204 tem·

271 3258 357 3324 pore,
381 3241 466 3322 quod
488 3260 506 3307 e
523 3240 681 3307 fastorum
700 3239 940 3324 triumphalium
958 3242 1143 3310 testimonio
1163 3242 1336 3324 elicuimus,
1357 3244 1444 3310 dum·

271 3347 363 3413 modo
391 3347 612 3431 Drepanorum
644 3352 677 3413 et
708 3346 859 3429 Lilybaei
895 3347 1113 3414 obsidionibus
1151 3349 1281 3430 aliquod
1317 3354 1443 3432 tempus

271 3458 492 3537 consumptum
515 3473 586 3521 esse
608 3453 811 3521 arbitremur.

359 3559 477 3626 Restat
499 3564 536 3626 ut

566 3650 611 3716 de
634 3649 726 3716 belli
748 3650 883 3716 Punici
906 3649 1021 3733 primi
1044 3651 1150 3718 exitu

272 3734 384 3802 dicam.

358 3842 398 3908 In
425 3843 594 3925 Polybii.
607 3843 794 3910 narratione
821 3843 905 3910 bello
932 3843 1052 3930 viginti
1079 3851 1233 3928 quattuor
1260 3866 1361 3914 annos
1384 3847 1443 3914 tri·

270 3949 326 4015 bui
342 3948 407 4016 iam
424 3949 575 4018 vidimus:
594 3949 633 4017 ct.
653 3969 678 4016 c.
698 3951 750 4028 63,
768 3952 790 4014 4
805 3946 822 4014 ὃ
840 3954 919 4037 περὶ
936 3954 1083 4026 Σικελίας
1100 3952 1244 4035 πόλεμος
1263 3953 1319 4021 ἐπὶ
1337 3952 1443 4020 τοιού-

271 4081 336 4130 τοις
368 4060 422 4123 noi
450 4063 600 4123 τοιοῦτον
633 4057 705 4138 ἔσχε
737 4054 775 4124 τὸ
807 4059 897 4132 τέλος
928 4056 985 4148 ἔτη
1017 4062 1222 4148 πολεμηθεὶς
1253 4061 1356 4127 εἴκοσι
1387 4064 1443 4126 καὶ

270 4169 408 4249 τέσσαρα
431 4170 578 4245 συνεχῶς.

360 4270 459 4353 Quem
474 4272 607 4339 eundem
621 4291 786 4338 numerum
796 4273 926 4339 exhibet
944 4273 1149 4341 Diodorus:
1165 4274 1203 4341 cf.
1213 4274 1252 4342 ir.
1262 4275 1379 4341 XXIV
1391 4276 1440 4354 14,

270 4377 398 4443 XXV2
413 4381 447 4444 et
460 4377 658 4462 Appianus
674 4377 708 4446 ἐκ
724 4385 780 4466 τῆς
793 4381 1025 4468 ΣικελικῆςΙρ.
1036 4381 1088 4463 57,
1104 4381 1145 4446 25
1160 4383 1266 4451 Mend.
1286 4379 1304 4447 ὃ
1321 4385 1382 4466 μὲν
1402 4379 1442 4470 δὴ
