3266 5062
678 341 899 404 -27-

203 525 238 587 et
261 518 539 606 Atheniensium¹)
566 520 619 587 vel
641 518 999 605 Lacedaemonioruml)
1029 521 1105 586 anni
1127 519 1255 589 initium
1278 521 1378 588 inter·

204 628 348 694 cedebat.
393 627 502 708 Atque
530 627 782 710 discrepantiam
809 625 913 708 ipsam
940 631 1088 693 autumat
1115 627 1315 702 monadicus
1341 633 1380 695 ut

203 739 255 801 est
271 734 427 800 librorum
444 732 597 800 memoria
615 733 784 800 admisisse
804 733 860 798 sed
878 751 986 799 rerum
1005 733 1191 817 scriptores,
1210 735 1286 816 quia
1302 735 1379 801 illae

204 859 280 907 suas
308 839 456 923 proprias
484 839 693 907 adhibuerint
720 859 824 907 aeras
874 839 998 907 Statuit
1020 839 1123 924 igitur
1150 848 1215 908 τῶν
1247 843 1380 908 πολλῶν

204 947 409 1014 scribendum
433 967 504 1014 esse
527 966 586 1031 pro
609 953 674 1013 τῶν
693 947 822 1013 πόλεων
841 952 875 1014 ei
892 967 951 1029 pro
971 953 1128 1036 τρίμηνον
1152 954 1379 1037 τριημίμηνον.

294 1053 383 1138 Quae
407 1053 571 1120 sententia
592 1073 706 1137 parum
730 1058 781 1120 est
803 1053 988 1145 probabilis
1012 1055 1130 1138 quippe
1154 1075 1237 1136 quae
1255 1056 1381 1122 duabus

205 1161 332 1227 nitatur
356 1161 549 1228 coniecturis
572 1160 654 1228 satis
679 1160 793 1227 dubiis.

295 1269 395 1335 Immo
414 1267 522 1336 verbis
545 1269 600 1333 xci
623 1265 680 1341 τὰς
704 1265 864 1352 ἁμαρτίας
887 1272 951 1334 τῶν
970 1268 1100 1335 πόλεων
1122 1272 1200 1356 περὶ
1222 1265 1279 1342 τὰς
1303 1265 1380 1334 ἀνα-

205 1371 330 1462 γραφὰς
353 1371 410 1448 τὰς
432 1373 558 1440 τούτων
582 1373 753 1456 ἐξελέγχων
775 1373 867 1462 παρὰ
886 1381 1045 1463 τρίμηνον
1063 1374 1196 1457 ἐχούσας
1215 1373 1252 1442 τὸ
1271 1379 1381 1462 denqi-

206 1506 265 1568 ρον
293 1481 459 1548 Timaeum
482 1480 675 1565 exprimitm·
696 1480 900 1565 vituperasse
923 1483 958 1548 in
985 1481 1156 1551 civitatum
1180 1483 1275 1550 fastis
1298 1483 1382 1551 vitia

125 1583 133 1602 '
205 1589 281 1655 inde
304 1593 386 1670 orta,
410 1589 494 1670 quod
512 1588 547 1654 in
569 1587 709 1671 propriis
732 1588 818 1654 aeris
837 1588 1062 1672 Olympiadum
1084 1588 1205 1655 rationi
1223 1591 1380 1673 adaptan-

206 1695 256 1761 dis
279 1700 498 1778 peccaverunt
519 1694 625 1761 tribus
658 1695 830 1761 mensibus.
876 1693 1010 1778 Spectat
1036 1697 1168 1764 verbum
1192 1694 1317 1762 τούτων
1339 1697 1382 1762 ad

205 1802 309 1868 fastos
333 1821 431 1886 supra
454 1807 716 1868 commemoratos
740 1803 931 1885 ephororum
959 1804 1148 1870 archontum
1175 1803 1308 1870 Iunonis
1331 1821 1381 1869 sa

207 1909 381 1988 cerdotum
402 1927 468 1974 non
490 1910 593 1974 solum
620 1909 662 1974 ad
690 1909 824 1976 verbum
848 1905 1090 1992 ὀλομπιονίκας,
1112 1929 1249 1992 namque
1271 1909 1307 1976 in
1329 1909 1382 1976 his

208 2014 387 2082 scribendis
409 2015 562 2083 civitates
585 2035 649 2082 non
671 2019 849 2098 potuerunt
871 2034 942 2082 esse
964 2015 1076 2084 falsae.

296 2122 358 2188 His
390 2121 493 2206 igitur
524 2142 543 2188 e
572 2121 683 2189 verbis
716 2121 868 2189 civitates
900 2141 1001 2190 annos
1034 2142 1108 2190 suos
1146 2122 1383 2206 olympiadibus

206 2235 344 2314 apparet
366 2228 582 2314 adaptavisse,
606 2247 742 2310 quarum
773 2228 868 2294 initia
897 2248 996 2311 supra
1019 2229 1061 2316 (p.
1085 2228 1118 2316 6)
1144 2228 1280 2298 vidimus
1302 2229 1382 2296 inci-

208 2338 296 2403 disse
318 2336 353 2402 in
375 2355 500 2402 menses
523 2336 614 2402 modo
634 2321 790 2401 Sextilem
812 2336 905 2402 modo
925 2335 1153 2418 Septembrem.
1199 2335 1271 2420 Qua
1292 2336 1328 2402 in
1345 2356 1383 2402 re

206 2444 315 2528 potuit
346 2442 425 2509 oriri
456 2442 676 2526 discrepantia
706 2442 804 2510 trium
842 2443 1007 2508 mensium.
1052 2443 1134 2508 Nam
1165 2441 1382 2510 Athenienses

208 2571 300 2619 suum
328 2541 459 2629 annum,
487 2549 542 2631 qui
569 2569 589 2614 a
619 2568 728 2615 mense
749 2545 993 2636 Ἑκοοομβοοών
1015 2549 1200 2633 incipiebat
1222 2549 1257 2616 in
1279 2569 1382 2631 aequo

207 2662 386 2743 posueruut
417 2675 487 2722 cum
520 2655 712 2739 olympiadis
744 2675 846 2736 anno,
879 2675 1069 2737 quamquam
1100 2656 1154 2722 hic
1186 2657 1382 2724 currebata

96 2794 98 2804 ·
207 2785 316 2832 meuse
340 2763 529 2847 Septembri.
575 2763 825 2830 Lacedaemonii
843 2767 958 2829 contra
979 2782 1099 2829 annum
1123 2765 1164 2829 ab
1187 2762 1406 2860 aequinoctii

207 2869 406 2938 autumnalis
429 2874 573 2952 tempore
595 2867 803 2952 incipientem
825 2871 1065 2953 adoptaverunt
1088 2868 1279 2953 olympiadis
1297 2889 1382 2937 anno

207 2997 229 3044 a
252 2997 360 3044 mense
383 2976 501 3043 Sextili
523 2975 649 3042 orienti.
1211 3033 1213 3038 ,

297 3084 351 3150 Ex
377 3083 433 3150 illo
462 3083 565 3166 igitur
591 3083 661 3149 loco
684 3083 752 3149 XII
777 3082 863 3163 11,1
891 3102 956 3150 non
979 3089 1030 3150 est
1052 3083 1305 3150 concludendum
1326 3103 1383 3150 no·

206 3209 282 3259 vam
306 3189 521 3274 olympiadum
544 3189 700 3256 rationem
727 3189 763 3254 in
790 3209 850 3255 usu
877 3189 979 3256 fuisse
1009 3189 1073 3262 iam
1105 3195 1182 3256 ante
1204 3191 1382 3274 Polybium.

298 3297 416 3364 Mirum
448 3315 527 3362 sane
559 3296 643 3378 quod
675 3296 730 3362 ille
761 3315 827 3363 non
858 3296 968 3364 statim
999 3297 1035 3362 in
1065 3296 1149 3363 libro
1182 3304 1297 3378 quarto
1329 3298 1383 3364 vel

208 3403 321 3486 quinto
345 3405 406 3470 hac
435 3403 474 3470 de
500 3422 537 3469 re
560 3403 722 3470 disseruit.
768 3402 831 3470 Sed
858 3403 998 3470 fortasse
1021 3404 1206 3471 continuam
1228 3404 1382 3470 librorum

207 3511 301 3577 I—V
328 3510 549 3577 narrationem
575 3510 681 3576 noluit
707 3510 943 3593 interrumpere
969 3529 1108 3576 excursu
1134 3510 1288 3594 longiore,
1321 3529 1383 3591 quo

209 3622 299 3685 certe
322 3636 402 3700 opus
426 3622 505 3695 erat,
530 3616 559 3684 si
581 3617 740 3684 rationem
762 3616 852 3682 illam
875 3616 1060 3684 accuratius
1078 3621 1151 3683 erat
1169 3616 1383 3700 expositurus,

194 3810 197 3816 ·
300 3794 319 3864 ¹)
340 3812 356 3849 a
374 3772 439 3848 luna
456 3810 527 3849 nova
545 3798 607 3861 post
625 3794 774 3850 solstitium
792 3809 877 3862 usque
896 3794 931 3848 ad
944 3793 1076 3849 secundae
1090 3793 1231 3849 candentis
1245 3798 1274 3849 et
1287 3794 1383 3862 plenae

207 3886 290 3940 lunae
309 3883 388 3939 diem.
1030 3895 1035 3910 ·

300 3973 356 4043 lla
379 3973 512 4029 secundae
535 3971 677 4028 candentis
697 3976 725 4027 et
747 3973 844 4041 plenae
862 3972 943 4026 lunae
962 3970 1005 4027 die
1023 3988 1107 4040 usque
1125 3971 1160 4026 ad
1182 3970 1381 4039 aequinoctium

209 4062 378 4118 autumnale.
