3266 5062
673 362 894 427 „21-

194 539 302 622 χιόνος
330 538 390 629 ῆδη
418 544 496 628 περὶ
523 538 598 616 τούς
626 538 743 628 ἄκρους
771 538 1006 631 ἀθροιζομένης
1033 539 1086 608 διὰ
1118 542 1156 609 τὸ
1189 541 1369 610 συνάπτειν

195 645 257 735 τῆν
279 654 335 736 τῆς
358 646 518 722 Πλειάδος
540 645 640 727 δόσιν,
665 666 726 729 quo
750 647 873 730 poteris
895 648 1005 716 induci
1031 650 1066 716 in
1093 649 1191 717 talem
1219 669 1369 717 errorem.

195 755 315 822 Verum
347 754 399 821 his
430 754 539 822 verbis
572 773 719 823 cavana
749 755 882 822 nimium
913 755 1048 823 tribuas.
1094 757 1175 823 Nam
1206 756 1369 840 leguntur,

192 861 251 928 ubi
282 861 449 928 Hannibal
480 861 629 928 ascendit
660 881 797 929 summos
823 861 954 945 Alpium
986 867 1124 944 montes,
1157 865 1240 945 quod
1271 863 1369 930 fiebat

190 985 303 1035 mense
322 967 513 1051 Septembri.
521 967 546 1054 ¹)
583 969 702 1036 Verum
718 968 833 1036 hiemis
851 969 1019 1036 exordium
1038 989 1078 1036 ex
1097 969 1144 1037 eis
1166 989 1230 1036 non
1254 989 1373 1053 cogno«

192 1073 306 1140 scimur.
352 1074 487 1159 Quando
510 1093 587 1142 varo
610 1075 692 1142 illud
714 1075 938 1156 fueritII54,
960 1077 1000 1141 13
1028 1076 1110 1143 satis
1139 1076 1258 1144 diserte
1285 1075 1367 1143 indi-
1435 1063 1443 1080 ⁴

191 1185 289 1248 catur
306 1177 477 1263 Ἀντίγονος
494 1179 696 1268 παραλαβών
715 1185 749 1249 δέ
772 1186 827 1248 καὶ
844 1181 965 1257 ταύτας
982 1179 1040 1256 τὰς
1057 1181 1170 1256 πόλεις
1188 1179 1368 1270 ἐθελοντὴν

192 1285 491 1374 προςχωρῆσόντων
531 1285 621 1378 αύτῷ
661 1295 726 1356 τῶν
763 1287 1002 1355 κατοικούντων
1044 1284 1144 1363 οὕτως
1180 1288 1250 1378 ῆδῆ
1282 1310 1367 1356 συν·

186 1391 387 1467 ’όπτοντος
414 1400 483 1460 τοῦ
506 1403 695 1480 χειμῶνος
721 1402 832 1484 παρῆν
856 1395 901 1470 εἰς
927 1395 1037 1478 Αἴγιον
1064 1392 1159 1483 πρὸς
1186 1393 1256 1485 τῆν
1293 1402 1368 1462 τῶν

191 1495 344 1580 Ἀχαιῶν
368 1499 530 1569 σύνοδον
553 1507 608 1569 καὶ
630 1500 705 1577 τοός
727 1506 789 1587 μὲν
813 1501 1007 1577 Μακεδόνας
1030 1499 1084 1570 ἐπ’
1109 1503 1199 1569 οἴκου
1228 1507 1367 1592 διαφῆκε

191 1605 320 1681 πάντας
349 1607 395 1682 εἰς
422 1606 483 1696 τῆν
510 1615 729 1694 χειμασίαν,
763 1607 860 1683 αὐτὸς
887 1611 921 1676 δέ
949 1619 1017 1684 τοῖς
1043 1607 1173 1691 Ἀχαιοῖς
1205 1612 1365 1692 διελέγετο

186 1717 249 1780 καὶ
276 1718 493 1782 συνδιενοεῖτο
516 1720 595 1802 περὶ
621 1722 686 1782 τῶν
714 1715 907 1784 ἐνεστώτων.
952 1717 1035 1783 Nam
1062 1715 1115 1784 hic
1142 1722 1289 1800 apertum
1317 1722 1368 1784 est

191 1820 250 1904 agi
272 1820 312 1888 de
334 1821 538 1889 Achaeorum
563 1842 644 1904 quae
667 1823 824 1890 Kalendis
847 1813 916 1891 fere
939 1824 1132 1891 Octobribus
1154 1823 1366 1910 habebaturl)

191 1927 352 2009 concione,
375 1948 510 2010 quacum
533 1927 646 1995 hiemis
664 1929 792 1996 initium
811 1949 990 2014 congruere
1008 1949 1026 1996 e
1044 1935 1114 1997 tolo
1133 1930 1368 1999 sententiarum

191 2054 279 2102 nexu
301 2041 446 2119 appareo.
492 2036 545 2101 Ad
567 2035 663 2102 huius
682 2035 878 2102 definitionis
895 2037 990 2104 fidem
1009 2036 1234 2104 stabiliendam
1254 2037 1366 2104 adiero

192 2142 228 2208 Π
247 2143 332 2224 54,4
349 2139 520 2225 Ἀντίγονος
543 2129 601 2231 ῆκε
628 2141 723 2229 πρὸς
751 2141 820 2230 τῆν
847 2150 920 2210 τῶν
947 2140 1099 2225 Ἀχαιῶν
1126 2141 1289 2210 σύνοδον
1312 2143 1367 2216 εἰς

193 2248 335 2331 Αἴγιον.
364 2247 643 2333 όπολογισόμενος
666 2251 700 2315 δέ
722 2253 801 2336 περὶ
823 2256 888 2316 τῶν
911 2247 990 2317 καθ’
1014 2247 1115 2318 αύτόν
1133 2254 1188 2316 καὶ
1211 2256 1366 2339 χρῆματί-

192 2375 250 2430 σας
272 2351 438 2443 περὶτῶν
461 2354 656 2440 μελλόντων,
680 2355 731 2422 ἐτι
754 2358 788 2422 δέ
811 2361 1029 2431 κατασταθεὶς
1057 2355 1186 2446 ῆγεμών
1209 2353 1366 2425 ἁπάντων

193 2468 259 2528 τῶν
286 2462 474 2547 συμμάχων,
506 2460 605 2547 μετὰ
638 2469 759 2528 ταῦτα
787 2463 924 2547 χρόνον
955 2471 1027 2549 μέν
1058 2488 1145 2530 τινα
1178 2487 1366 2551 παραχει-

191 2567 321 2653 μόζων
340 2573 509 2656 διέτριβε
528 2573 607 2656 περὶ
625 2575 774 2636 Σικυῶνα
796 2574 851 2636 καὶ
871 2569 1044 2657 Κόρινθον,
1068 2577 1133 2658 τῆς
1155 2567 1188 2636 δ’
1212 2569 1367 2658 ἐαρινῆς

195 2670 301 2762 ὥρας’
318 2675 572 2764 ἐνισταμένης
591 2673 763 2762 αὐαλαβών
785 2673 843 2750 τὰς
866 2675 1019 2760 δυνόμεις
1041 2682 1174 2764 προῆγε.

281 2811 384 2876 Porro
412 2810 454 2876 ad
481 2829 553 2876 eam
576 2808 757 2876 arctissime
781 2828 815 2876 se
843 2809 1008 2892 adplicant
1030 2811 1079 2878 IV
1102 2811 1154 2892 26,
1167 2811 1314 2892 7—29‚1
1336 2811 1367 2876 οἱ

192 2913 223 2983 δ’
246 2913 361 2997 Ἀχαιοί
384 2915 600 3000 συνελθόντες
623 2915 668 2989 εἰς
691 2914 751 3004 τῆν
774 2912 985 3004 καθήκουσαν
1008 2916 1143 2984 σύνοδον
1166 2915 1241 2984 τότε
1265 2915 1366 3001 δόγμα

192 3022 316 3097 πάντες
353 3021 563 3109 ἐπεκύρωσαν
600 3061 643 3069 -
680 3021 920 3108 προςελθόντος
956 3025 990 3090 δέ
1027 3028 1082 3090 καὶ
1118 3030 1177 3091 τοῦ
1214 3025 1367 3110 βασιλέως

190 3127 287 3217 πρὸς
315 3127 384 3217 τῆν
408 3127 550 3218 βουλῆν
574 3129 614 3197 ἐν
637 3129 750 3218 Αἰγίῳ
778 3133 833 3195 καί
861 3131 1089 3210 διαλεχθέντος
1117 3128 1170 3196 διὰ
1193 3127 1366 3209 πλειόνων,

189 3235 233 3304 τό
257 3241 400 3327 ῥηθέντα
423 3233 497 3318 μετ’
521 3233 649 3310 εὐνοίας
677 3233 876 3312 ἀπεδέξαντο
899 3275 943 3283 -
971 3233 1045 3302 dou
1075 3235 1225 3321 βασιλεὺς
1250 3238 1366 3303 Φίλιπ-

192 3368 254 3417 πος
276 3349 475 3431 χρηματίσας
502 3354 569 3416 τοῖς
591 3339 722 3423 Ἀχαιοῖς
749 3341 897 3419 ἀνέζευξε
925 3340 1013 3427 μετὰ
1041 3348 1097 3432 τῆς
1120 3342 1287 3428 δυνάμεως
1310 3342 1367 3409 ἐπὶ

120 3532 126 3542 ⁰
193 3453 400 3524 Μακεδονίας
430 3488 474 3498 -
509 3452 674 3523 Φίλιππος
707 3452 740 3516 δὲ
772 3448 1073 3536 παραχειμόζων
1107 3448 1142 3516 ἐν
1174 3453 1366 3536 Μακεδονία

191 3564 377 3644 κατέγραφε
401 3554 458 3631 τὰς
481 3555 644 3656 δυνάμεις.

282 3691 472 3770 alivum
493 3686 597 3777 παρὰ
617 3689 898 3764 euerriculum
920 3688 990 3778 ῆδῆ
1013 3696 1086 3756 τῶν
1110 3687 1366 3778 ἀρχαιρεσίων
1457 3739 1461 3747 .

283 3955 303 4025 ¹)
322 3956 446 4022 11134‚6
466 3958 564 4028 συνῆγε
582 3957 629 4018 τὰς
647 3951 775 4028 δυνάμεις
794 3954 824 4011 ἐκ
843 3959 888 4028 τῆς
906 3962 1123 4031 παραχειμασίας
1140 3953 1194 4012 inl
1211 3953 1258 4028 τῆν
1277 3955 1367 4030 ἐαρι-

190 4041 252 4116 νῆν
271 4041 352 4117 ὥραν.
377 4046 423 4101 ΠΙ
430 4045 501 4112 56,3
515 4046 589 4106 τέλος
608 4044 638 4100 δὲ
657 4040 705 4116 τῆν
722 4044 776 4118 μὲν
794 4049 884 4099 ποῖσαν
903 4049 1017 4119 πορείαν
1035 4044 1065 4100 ἐκ
1084 4047 1193 4117 Καινῆς
1211 4041 1312 4106 πόλεως
1331 4043 1366 4099 ἐν

193 4134 290 4188 πέντε
307 4136 387 4207 μησί
405 4129 593 4206 ποιησόμενος,
613 4129 661 4205 τῆν
680 4133 709 4188 δὲ
724 4137 777 4187 τοῖν
787 4131 908 4188 Ἄλπεων
921 4131 1070 4209 ὑπερβολὴν
1086 4132 1200 4209 ἡμέραις
1211 4137 1365 4192 δεκαπέντε.

282 4221 302 4292 ²)
321 4222 477 4278 Klattius
497 4223 627 4279 ‘Chronol
645 4223 791 4292 Beitraege
810 4240 859 4278 zur
877 4223 1038 4279 Geschichte
1062 4225 1108 4279 das
1127 4225 1185 4280 ach.
1204 4224 1320 4279 Bundes’
1339 4241 1365 4293 p.

191 4316 288 4366 contra
306 4312 471 4380 Ungerum
490 4311 634 4368 Sita-Ber.
649 4312 674 4367 d.
689 4311 723 4367 B.
738 4311 823 4366 Aliud.
837 4311 863 4366 d.
878 4313 959 4368 Wiaa.
979 4313 1048 4369 1879
1067 4329 1092 4380 p.
1104 4313 1154 4366 117
1175 4329 1222 4382 sq„
1242 4313 1364 4370 Dubois

191 4398 210 4454 l.
230 4416 252 4455 ο.
272 4416 297 4468 p.
318 4401 378 4456 115.
