3266 5062
738 279 958 344 „24-

262 456 437 525 mannius
461 455 495 543 (l.
509 424 545 524 c.
567 476 597 540 p.
623 455 678 541 17)
701 460 906 540 putaverunt.
943 459 1052 538 Atque
1070 457 1200 526 veneid
1218 456 1338 524 factum
1363 474 1434 523 esse

262 562 465 631 concluditur
493 581 511 629 e
542 563 689 630 meridiei
718 562 893 643 mentione,
925 583 987 644 quo
1021 563 1073 630 die
1102 564 1196 631 brevi
1228 570 1302 646 post
1333 562 1435 630 Poeni

162 724 164 729 ,
262 689 404 754 pugnam
427 669 654 737 commIserunt
677 689 748 736 cunr
770 669 925 736 Romanis
947 690 973 737 c.
998 667 1156 759 2451111
1179 672 1214 736 δὲ
1232 677 1292 736 τοῦ
1308 668 1434 754 κοίμα-

263 798 317 850 τος
339 774 518 861 ἐφεστῶτος
536 774 619 842 κατὰ
638 773 699 865 τὴν
717 773 826 865 ἀκμὴν
849 776 881 842 οἱ
898 779 961 861 μὲν
980 775 1194 866 Καρχηδόνιοι
1221 776 1435 864 παρελύοντο.

352 882 527 966 Quominus
554 887 661 950 autem
689 883 881 967 olympiadis
915 884 1020 964 143,2
1047 884 1176 950 initium
1198 885 1260 950 hoc
1282 902 1436 967 ponamus

262 993 419 1073 tempore,
446 989 509 1056 iam
537 988 730 1073 Impediunt,
758 1009 840 1072 quae
868 991 908 1056 de
935 989 1151 1072 olympiadum
1177 992 1239 1056 142
1264 997 1379 1073 quarto
1403 996 1436 1056 11

265 1097 329 1160 144
352 1095 454 1179 primo
480 1096 688 1164 disseruimus
711 1115 805 1164 anno.

353 1205 434 1270 Nam
467 1205 552 1285 qnod
582 1203 740 1271 Kalendis
772 1203 967 1270 Octobribus
998 1209 1034 1272 11
1066 1208 1216 1286 quartum
1244 1202 1436 1288 olympiadis

265 1310 329 1374 142
362 1329 481 1377 annum
513 1310 633 1376 habere
663 1309 757 1376 finem
790 1314 824 1375 et
851 1308 988 1393 primum
1016 1309 1207 1396 olympiadis
1231 1312 1296 1376 144
1319 1330 1436 1378 annum

263 1414 406 1498 incipere
433 1434 532 1499 supra
555 1417 809 1484 demonstratum
832 1421 891 1497 est,
909 1417 1122 1502 olympiadem
1148 1418 1211 1482 143
1235 1417 1341 1485 elucet
1363 1435 1436 1483 ean·

263 1523 335 1588 dem
358 1521 511 1592 habuisse
534 1543 689 1591 annorum
713 1522 964 1606 dispositionem.
1010 1525 1077 1590 Nec
1099 1522 1252 1591 iudicium
1276 1523 1316 1592 de
1339 1523 1436 1608 olym·

263 1628 394 1711 piadum
420 1629 514 1696 initio
541 1631 703 1714 prolatum
730 1630 814 1710 loco,
842 1649 935 1712 quern
963 1630 1099 1696 tradunt
1127 1635 1282 1713 excerpta
1304 1630 1438 1711 antiqua

264 1735 316 1802 XI
334 1735 378 1802 20
395 1735 589 1817 infirmatur,
612 1756 686 1803 nam
708 1736 826 1804 nititur
849 1735 988 1818 qmnque
1014 1737 1187 1804 eorundem
1215 1743 1437 1820 excerptorum

263 1841 343 1908 locis
367 1848 401 1910 et
422 1843 512 1912 Livii
533 1843 730 1910 narratione.
767 1843 830 1909 Illa
853 1847 961 1910 autem
985 1861 1066 1923 quae
1088 1843 1211 1927 legitur
1227 1845 1280 1910 XI
1298 1845 1342 1911 20
1360 1850 1437 1911 tem·

260 1948 608 2032 111111111111111111
635 1954 686 2018 111
713 1949 854 2018 difficilis
881 1949 924 2016 ad
946 1949 1179 2032 explicandum.
1226 1952 1310 2018 Nam
1337 1949 1437 2033 epita

265 2062 406 2124 matures
420 2057 605 2138 omiserunt
628 2075 712 2138 quae
733 2056 776 2123 ad
795 2052 991 2123 ὑποθέσεων
1013 2062 1239 2139 argumentum
1263 2075 1327 2123 non
1349 2057 1436 2126 vide·

264 2168 380 2230 rentur
402 2164 570 2246 quadrare.
609 2163 682 2247 Quo
696 2163 818 2231 lactum
837 2167 896 2244 est,
924 2167 962 2230 ut
983 2162 1018 2228 in
1037 2163 1243 2231 Constantini
1267 2163 1436 2247 excerptis,

263 2269 439 2352 praecipue
465 2269 500 2336 11
523 2269 570 2336 111
593 2288 675 2351 quae
698 2273 776 2336 sunt
796 2272 876 2356 περὶ
896 2275 1081 2357 πρεσβειῶν
1104 2270 1320 2353 olympiadum
1342 2269 1437 2336 Initia

263 2374 475 2442 inveniantur
496 2377 593 2459 plane
616 2375 755 2445 diversa.

354 2481 409 2549 Sic
428 2502 448 2548 a
465 2483 589 2550 medIa
606 2482 727 2550 hieme
745 2482 918 2566 incipere
936 2482 1067 2552 videtur
1085 2482 1276 2568 olympiadis
1292 2483 1355 2548 152
1374 2487 1438 2549 ter-

264 2588 331 2656 tius
349 2608 467 2656 annus:
491 2589 531 2657 cf.
540 2589 693 2657 XXVIII
711 2591 731 2654 3
750 2578 852 2663 Αὖλος
874 2587 959 2657 κατὰ
977 2596 1096 2656 τοῦτον
1113 2587 1173 2656 τὸν
1195 2588 1311 2677 χρόνον
1334 2586 1438 2655 ἀντο-

264 2694 474 2783 στροίτηγος
493 2691 539 2762 dv
556 2699 611 2762 acl
629 2695 882 2783 παραχειμάζον
900 2696 936 2765 ἐν
960 2699 1124 2784 Θετταλίᾳ
1146 2694 1232 2781 μετὰ
1256 2701 1322 2763 τῶν
1345 2693 1439 2762 δονά-

263 2824 355 2885 pecc
378 2801 546 2890 ἐξέπεμψε
568 2801 779 2890 πρεσβευτάς.

356 2909 439 2976 Nam
471 2914 540 2976 tum
567 2911 714 2978 consules
746 2901 971 2994 magistratum
998 2911 1127 2978 inibant
1157 2910 1270 2976 Idibus
1301 2908 1440 2988 Martiis,

264 3014 377 3097 itaque
397 3016 475 3082 inde
497 3016 538 3082 ab
566 3017 627 3082 hoc
654 3015 707 3084 die
733 3016 797 3085 fuit
818 3020 858 3084 A.
881 3017 1042 3085 Hostilius
1064 3017 1249 3100 proconsul;
1280 3017 1337 3082 sed
1356 3015 1440 3097 quod

264 3140 385 3188 annum
416 3122 595 3188 Romanum
626 3120 713 3189 inira
744 3121 787 3209 (p.
819 3122 875 3209 31)
907 3123 1087 3192 videbimus
1119 3128 1187 3190 tum
1225 3122 1440 3204 antecessisse

264 3227 393 3295 Iuliano
417 3229 540 3296 dnobus
566 3229 621 3296 vel
646 3228 753 3297 tribus
779 3230 954 3311 mensibus,
987 3230 1179 3315 olympiadis
1214 3229 1277 3296 152
1305 3228 1440 3295 tertium

263 3353 384 3402 annum
408 3335 529 3402 dixerit
552 3333 710 3419 quispiam
731 3333 876 3418 incipere
897 3356 918 3402 a
939 3356 1048 3405 mense
1070 3337 1231 3404 Ianuario.

356 3441 512 3509 Similiter
534 3441 724 3526 olympiadis
750 3442 813 3507 156
837 3448 870 3510 11
892 3443 1029 3527 primum
1061 3448 1094 3510 11
1121 3443 1294 3511 secundum
1322 3461 1441 3509 annum

266 3547 394 3614 Initium
413 3567 529 3631 capere
548 3551 589 3615 ab
607 3549 743 3616 hiemis
762 3548 842 3616 fine
860 3549 942 3616 satis
962 3550 1083 3617 diserte
1101 3549 1266 3616 indicatur
1284 3549 1440 3616 XXXIII

267 3654 350 3720 112
371 3654 422 3721 ἔτι
440 3651 522 3720 κατὰ
541 3661 696 3740 χειμῶνα.
732 3657 800 3722 Ν11
823 3656 927 3722 distat
949 3657 1034 3737 quod
1052 3656 1092 3724 ab
1116 3661 1269 3723 aestate
1288 3657 1440 3738 epitoma·

267 3767 356 3827 tores
380 3759 570 3844 olympiadis
596 3763 658 3827 147
682 3761 814 3828 tertIum
837 3762 962 3829 faciunt
984 3762 1193 3846 incipientem
1219 3782 1338 3830 annum
1356 3761 1441 3830 XXI

164 3951 168 3960 Δ
269 3869 312 3934 18
332 3866 400 3957 ἤδη
424 3873 489 3955 τῆς
512 3874 672 3954 θερείας
696 3868 947 3956 ἐνισταμένης
970 3866 1054 3953 μετὰ
1078 3868 1139 3958 τὴν
1167 3875 1261 3958 νίκην
1284 3875 1350 3936 τῶν
1372 3865 1442 3934 Ῥω·

264 3981 376 4058 μαίων
398 3971 460 4064 τὴν
481 3972 563 4062 πρὸς
584 3972 741 4057 Ἀντίοχον
764 3981 875 4063 παρῆν
898 4013 941 4022 -
964 3973 1114 4062 βασιλεὺς
1137 3973 1293 4065 Εὐμένης.

358 4081 449 4166 Quae
480 4083 644 4164 hucusque
680 4083 720 4149 de
752 4081 986 4166 olympiadibus
1022 4081 1057 4147 in
1088 4083 1217 4167 Polybii
1248 4079 1442 4166 fragmentis

269 4190 525 4256 commemoratis
549 4189 793 4272 disputavimus
813 4209 853 4256 ex
871 4189 923 4256 his
942 4189 1048 4256 elucet
1066 4208 1177 4255 earum
1194 4189 1322 4256 initium
1339 4187 1442 4255 fuIsse

264 4296 434 4363 Kalendas
461 4297 530 4364 fere
557 4297 724 4364 Octobres.
769 4296 944 4364 Videamus
972 4295 1208 4364 conveniantne
1230 4301 1376 4378 tempora
1398 4296 1441 4361 ab
