3266 5062
690 327 912 391 ..49-

31 535 39 552 ·
118 537 119 544 ¹
213 508 274 589 μὲν
297 503 355 572 ἐπὶ
378 503 482 570 ποσὸν
506 501 714 592 ἠτυχηκότες,
737 502 813 569 τότε
842 499 872 569 δ’
901 498 1084 589 ὁλοσχερῶς,
1108 501 1143 568 ἐκ
1166 501 1230 585 μὲν
1252 507 1309 590 της
1332 508 1393 568 θα-

37 639 42 644 ’
99 694 101 700 Ι
213 611 330 700 λα’σσης
355 611 516 700 ἐξέβησαν,
546 617 612 676 τῶν
635 607 664 677 δ’
690 606 868 696 ὑπαίθρων
892 606 1105 696 ἐπεκράτουν.

302 720 390 786 Ante
414 717 447 783 O.
471 722 579 784 autem
603 716 734 782 Lutatii
757 715 866 783 Catuli
888 717 1091 782 consulatum
1109 714 1271 782 Romanos
1289 717 1393 782 denuo

213 811 402 892 aedificasse
430 842 531 892 naves
560 823 763 889 concluditur
786 842 849 890 ec.
874 822 926 902 59,
951 823 970 887 8
995 828 1040 910 τῷ
1063 823 1097 888 δὲ
1120 820 1258 910 τοιούτῳ
1281 821 1392 910 τρόπῳ

215 929 371 1017 (pecuniis
398 929 552 1012 privatis,
580 948 646 995 non
673 927 824 1015 publicis)
852 936 971 1009 ταχέως
1000 929 1264 1012 ἑτοιμοσθέντον
1288 932 1393 994 διακο-

215 1045 291 1104 σίων
317 1039 443 1104 πλοίων
470 1041 686 1124 πεντηρικῶν,
711 1024 756 1102 do
784 1034 982 1123 ἐποιήσαντο
1010 1031 1071 1122 την
1098 1041 1285 1122 ναυπηγίαν
1313 1034 1394 1121 πρὸς

214 1143 274 1232 την
298 1150 357 1212 τοῦ
379 1140 502 1210 Ῥοδίου
525 1149 617 1222 ναῦν,
643 1139 742 1225 μετὰ
770 1146 894 1208 ταῦτα
922 1138 1102 1229 στρατηγὸν
1134 1139 1395 1228 καταστήσαντες

216 1249 317 1318 Γάιον
340 1250 510 1316 Λοτοίτίον
534 1248 738 1334 ἐξέπεμψαν.

302 1358 343 1423 In
365 1355 475 1425 verbis
494 1352 580 1438 μετὰ
600 1360 706 1421 ταῦτα
724 1373 783 1436 per
802 1374 837 1420 se
856 1373 934 1421 sane
952 1374 1017 1420 non
1035 1355 1122 1421 inest
1140 1360 1297 1421 accurata
1315 1359 1394 1420 tem-

214 1464 303 1546 poris
326 1462 479 1529 delinitio.
521 1461 586 1528 Sed
610 1462 745 1527 classem
765 1460 915 1527 celeriter
938 1464 1157 1528 constructam
1181 1466 1279 1542 atque
1302 1480 1394 1526 exor-

215 1574 326 1636 natam
349 1569 460 1635 statim
484 1588 525 1636 ex
546 1572 645 1651 portu
668 1586 738 1634 esse
762 1568 912 1634 eductam
940 1567 1053 1648 quovis
1082 1567 1219 1650 pignore
1247 1565 1394 1632 adfirma-

216 1675 326 1744 verim.
364 1675 456 1760 Quod
479 1693 548 1740 oum
573 1674 695 1741 factum
719 1674 763 1741 sit
785 1672 920 1740 Lutatio
944 1691 1015 1754 cos,
1039 1675 1208 1740 admodum
1227 1672 1394 1756 probabile

217 1796 268 1849 est
290 1779 496 1848 antecedenti
520 1800 604 1848 anno
628 1780 692 1846 511
718 1798 788 1846 eam
811 1797 883 1846 esse
906 1779 1117 1848 aedificatam.

306 1888 384 1953 Oum
416 1886 520 1970 igitur
553 1887 693 1968 quinque
725 1891 881 1954 annornm
915 1887 1055 1967 spatium
1082 1886 1277 1953 terminetur
1299 1885 1395 1951 annis

216 1993 281 2060 505
315 1993 356 2077 (p.
389 1994 445 2080 36)
484 1999 519 2060 ct
552 1993 615 2058 511
650 1993 737 2074 ipsos
769 1992 924 2058 terminos
955 1992 1087 2076 neglegi
1122 1993 1175 2058 hic
1207 2012 1227 2056 a
1257 1991 1395 2075 Polybio

217 2105 362 2182 apparet.

305 2207 358 2270 Ex
380 2205 432 2271 his
456 2206 611 2288 exemplis
630 2204 801 2288 Polybium
824 2223 889 2270 non
912 2211 1058 2272 secutum
1082 2224 1153 2273 esse
1176 2209 1298 2271 certam
1320 2223 1395 2269 nor·
1443 2222 1451 2242 ’

216 2331 299 2378 mam
323 2311 537 2394 cognoscitur.

698 2419 911 2428 ——0—

505 2553 507 2556 ¹
599 2600 913 2703 Epimetrum
945 2602 1006 2686 II.

261 2791 313 2858 lle
331 2787 453 2856 Plinii
472 2807 568 2870 aera,
592 2789 773 2873 quatenus
797 2790 1031 2872 cognoscitur
1054 2807 1074 2856 e
1098 2791 1190 2857 belli
1213 2791 1348 2859 Punici

639 2913 755 2997 primi
778 2914 968 2980 memoria.

306 3055 380 3120 Nat.
400 3055 475 3120 bist.
493 3053 625 3120 XXXV
648 3056 678 3133 4,
698 3055 740 3118 22
764 3055 845 3121 haec
867 3056 971 3122 tradit
993 3056 1133 3123 Plinius:
1158 3057 1313 3140 ‘dignatio
1337 3077 1393 3123 au-

97 3248 100 3254 ,
217 3167 281 3227 tem
301 3161 470 3244 principue
488 3161 609 3226 Romae
627 3160 775 3240 increvit,
794 3167 832 3226 ut
850 3161 999 3228 existimo
1019 3183 1039 3228 a
1057 3163 1232 3230 M’Valerio
1250 3163 1393 3228 Maximo

216 3267 371 3347 Messala,
400 3267 455 3348 qui
481 3267 632 3349 princeps
659 3267 804 3334 tabulam
835 3269 955 3351 pictam
988 3269 1103 3352 proelii
1131 3288 1192 3350 quo
1221 3269 1392 3352 Carthagi-

215 3374 344 3440 nienses
377 3379 410 3438 et
442 3373 615 3440 Hieronem
651 3373 685 3438 in
718 3373 830 3440 Sicilia
865 3374 992 3442 vicerat
1023 3375 1192 3459 proposuit
1223 3375 1257 3440 ln
1289 3376 1394 3442 latere

217 3481 325 3545 curiae
348 3479 511 3545 Hostiliae
535 3499 619 3546 anno
643 3481 684 3545 ab
708 3481 788 3545 urbe
812 3480 943 3547 condita
965 3481 1217 3548 OOCOLXXX’.

304 3587 375 3652 Hoc
397 3585 501 3669 igitur
523 3587 592 3652 loco
616 3586 742 3653 Plinius
767 3587 913 3668 sequntur
935 3607 1044 3653 aeram
1064 3587 1283 3654 Catonianam.
1324 3589 1393 3655 Nec

216 3692 312 3758 aliam
335 3691 470 3758 adhibet
492 3696 559 3758 nat.
582 3693 657 3758 hist.
681 3694 764 3760 VIII
787 3695 817 3774 6,
843 3695 897 3758 16;
922 3694 1041 3760 ‘eadem
1066 3694 1181 3780 (Roma
1204 3694 1300 3779 vidit)
1323 3695 1393 3777 plu-

215 3799 312 3865 rimos
344 3818 428 3865 anno
451 3799 519 3864 DII
550 3798 690 3866 victoria
721 3801 758 3866 L.
791 3800 918 3866 Metelli
949 3799 1111 3882 pontificis
1143 3799 1178 3865 in
1210 3799 1321 3866 Sicilia
1353 3801 1393 3866 de

216 3905 334 3971 Poenis
357 3905 488 3987 captos,
511 3905 568 3970 ubi
591 3925 661 3971 cum
685 3906 798 3974 Livio
826 3897 996 3974 uictoriam
1020 3906 1137 3972 tribuit
1159 3905 1284 3972 Metelli
1307 3924 1393 3971 anno

216 4011 384 4077 consulari.

303 4117 499 4183 accuratius
532 4122 659 4199 tempus
691 4123 725 4184 et
756 4118 900 4184 numeris
933 4124 966 4184 et
993 4119 1103 4185 verbis
1130 4118 1296 4184 indicatur
1322 4127 1392 4186 nat.

214 4223 289 4289 hist.
312 4223 379 4289 VH
403 4224 481 4288 214:
506 4225 557 4290 ιΜ.
577 4224 683 4290 Varro
706 4223 843 4306 primum
871 4224 1072 4308 horologium
1097 4229 1255 4291 statutum
1277 4225 1312 4289 in
1335 4245 1392 4306 pu·

213 4329 297 4395 blico
321 4330 495 4396 secundum
517 4330 639 4396 Rostra
662 4330 696 4395 in
720 4331 867 4397 columna
896 4330 1001 4396 tradit
1029 4331 1112 4396 bello
1136 4329 1259 4396 Punico
1288 4329 1391 4413 primo

1158 4436 1176 4488 4
