3266 5062
689 346 911 409 ..13-

299 525 363 588 καὶ
391 519 433 588 το
456 524 527 604 μὲν
550 529 706 609 πρῶτον
731 522 814 596 ἔτος
839 521 950 609 ἔληγε
974 527 1031 609 τῆς
1054 519 1272 611 ὑποκειμένης
1292 521 1388 609 ι’λυμ·

208 629 334 709 πιάδος,
353 625 445 712 παρὰ
466 630 499 695 δὲ
518 640 585 703 τοῖς
604 629 760 703 Αἰτωλοῖς.
775 627 836 717 ἤδη
855 635 921 694 τῶν
940 624 1154 716 ἀρχαιρεσίων
1173 629 1388 718 καθηκόντων

210 731 386 824 στρατηγὸς
409 732 515 824 ᾑρέθη
538 743 734 823 Δωρίμαχος.

299 844 415 924 Itaque
439 863 508 908 eum
533 843 692 909 Kalendis
711 842 906 908 Octobribus
925 841 1021 922 firniri
1044 861 1105 923 quo
1124 847 1269 926 tempore
1288 845 1388 929 magi-

210 953 335 1014 stratus
359 951 515 1015 creabant
538 949 656 1030 Aetoli,
681 968 698 1015 e
721 954 791 1014 toto
815 948 1049 1014 sententiarum
1073 968 1198 1016 conexu
1220 957 1366 1032 apparet.

302 1057 396 1122 Hanc
437 1061 545 1122 autern
587 1055 870 1122 ratiocinationem
911 1074 975 1120 non
1011 1056 1161 1139 agnoscit
1198 1057 1389 1140 Ungerus

211 1162 456 1229 Incredibiliter
484 1162 566 1228 enim
595 1167 697 1230 vexat
719 1162 776 1228 illa
798 1162 928 1244 Polybii
951 1163 1051 1230 verba
1075 1162 1156 1228 satis
1179 1161 1329 1244 dilucida,
1352 1171 1390 1230 ut

211 1269 306 1335 huius
330 1268 408 1335 anni
429 1268 503 1335 finis
527 1269 699 1334 secundum
720 1268 788 1335 eius
812 1267 1008 1334 sententiam
1032 1288 1130 1351 supra
1153 1270 1332 1352 expositam
1355 1270 1390 1336 in

211 1376 303 1442 XIX.
322 1375 396 1441 Kal.
416 1374 503 1457 Sept.
522 1375 655 1455 incidat,
680 1375 734 1456 qui
757 1380 824 1440 tum
849 1380 922 1458 erat
941 1375 1102 1441 secundae
1119 1381 1194 1458 post
1213 1377 1388 1443 solstitium

210 1480 379 1548 candentis
412 1488 446 1546 et
477 1482 592 1564 plenae
624 1470 720 1547 lunae
753 1479 860 1566 dies1).
905 1482 936 1546 A
952 1500 1014 1560 que
1042 1481 1141 1547 rnims
1170 1500 1248 1548 sane
1276 1483 1327 1550 his
1355 1484 1389 1550 in

210 1589 321 1655 verbis
351 1587 551 1671 explicandis
578 1589 687 1670 priore
710 1587 893 1653 sententiae
915 1593 1009 1669 parte
1033 1586 1149 1672 καὶτὸ
1171 1591 1232 1672 μέν
1255 1597 1389 1675 πρῶτον

213 1693 284 1768 ἔτος
307 1693 415 1781 ἔληγε
453 1700 509 1782 τῆς
546 1691 765 1782 ὑποκειμένης
798 1691 1000 1777 ὀλυμπιάδος
1031 1695 1259 1762 antecedentia
1292 1701 1390 1779 putat

212 1801 352 1881 absolvi,
384 1801 592 1882 sequentibus
623 1802 733 1870 verbis
765 1797 857 1888 παρὰ
891 1803 925 1866 δὲ
957 1811 1024 1873 τοῖς
1053 1800 1205 1875 Αἰτωλοῖς
1234 1800 1294 1890 ἥδη
1324 1809 1389 1869 τῶν

212 1902 426 1994 ἀρχαιρεσίων
453 1906 669 1996 καθηκόντων
697 1905 872 1995 στρατηγὸς
900 1903 1006 1995 ᾑρέθη
1029 1913 1217 1994 Δωρίμαχος
1241 1909 1389 1976 enarrari

210 2013 345 2095 primam
374 2014 513 2096 proximi
541 2014 618 2080 anni
645 2034 712 2080 rem
736 2014 889 2080 memoria
913 2013 1057 2097 dignam,
1087 2033 1170 2094 quae
1192 2019 1301 2080 tamen
1324 2035 1388 2082 non

212 2119 258 2184 sit
280 2120 454 2187 tribuenda
476 2119 589 2203 primis
612 2121 688 2188 novi
712 2121 790 2186 anni
812 2121 933 2186 diebus.

302 2225 403 2309 Quam
427 2227 620 2293 sententiam
645 2227 813 2308 quominus
837 2228 1049 2309 approbemus
1072 2226 1136 2291 iam
1160 2227 1388 2293 antecedentia

211 2332 392 2414 impediunt
414 2336 516 2401 verba
537 2335 703 2407 Φίλιππος
726 2371 769 2380 -
793 2330 835 2399 τὸ
859 2331 1002 2399 λοιπόυ
1025 2340 1140 2420 μέρος
1158 2339 1228 2398 τοῦ
1251 2339 1388 2419 θέρους

212 2438 248 2505 ἐν
270 2445 399 2528 Λαρίοη
423 2443 545 2528 διῆγεν,
574 2442 659 2522 quod
692 2445 851 2507 aestatem
878 2441 1035 2524 Polybius
1063 2440 1106 2524 (V
1134 2440 1165 2519 5,
1193 2440 1294 2526 5-7)
1317 2441 1388 2523 ipse

212 2547 306 2612 docet
324 2546 480 2628 desinere,
504 2567 566 2629 quo
590 2553 734 2630 tempore
756 2547 836 2614 flare
859 2546 1011 2619 desinunt
1035 2547 1165 2614 etesiae.

301 2652 393 2736 Quod
416 2673 488 2720 cum
509 2654 568 2720 fiat
591 2659 735 2720 extremo
759 2673 867 2720 mense
886 2651 1040 2738 Sextilil),
1062 2652 1138 2721 vide
1157 2673 1252 2735 quam
1271 2653 1389 2720 misere

210 2764 342 2826 corruat
364 2759 514 2842 Ungeri
541 2760 758 2827 ratiocinatio.
805 2761 868 2827 Sed
896 2766 934 2826 ut
957 2760 1152 2827 sententiam
1175 2760 1303 2841 fulciat,
1332 2759 1388 2826 ille

210 2865 262 2932 vir
290 2867 404 2932 doctus
431 2869 532 2934 verba
560 2871 615 2933 καὶ
642 2866 680 2933 τό
707 2869 768 2951 μὲν
796 2874 928 2954 πρῶτον
956 2865 1026 2939 ἔτος
1056 2865 1149 2958 ἔληγε
1178 2873 1235 2954 τῆς
1258 2863 1388 2933 ὑποκει-

211 2980 309 3060 μένης
342 2970 543 3056 ὀλυμπιάδος
569 2993 633 3039 non
666 2975 708 3040 ad
741 2971 1034 3040 antecedentiam
1064 2970 1182 3039 λοιπὸν
1204 2971 1302 3061 μέρος
1329 2980 1388 3039 τοῦ

211 3084 329 3163 θέρους
356 3080 473 3161 refert,
501 3083 558 3147 sed
585 3082 628 3147 ad
654 3083 756 3147 verba
784 3079 840 3147 ἐπὶ
863 3077 924 3166 την
947 3085 1004 3166 της
1028 3075 1158 3166 ὀπώρας
1181 3079 1387 3167 συγκομιδήν.

211 3185 293 3252 Nam
311 3189 413 3253 verba
432 3184 515 3253 κατὰ
533 3189 567 3254 δὲ
586 3184 644 3253 τὸν
662 3184 777 3274 καιρὸν
801 3192 919 3253 τοῦτον
938 3186 1056 3268 quippe
1075 3185 1191 3266 quibus
1214 3187 1389 3268 minimum,

210 3311 275 3357 non
297 3312 506 3376 permagnum
531 3293 687 3377 temporis
711 3292 852 3376 spatium
880 3291 1094 3376 significetur,
1122 3293 1294 3360 referenda
1317 3312 1388 3360 esse

212 3405 359 3466 autumat
389 3419 452 3465 non
485 3401 527 3466 ad
558 3401 659 3470 uerba
692 3398 730 3466 τὸ
758 3398 876 3465 λοιπὸν
902 3407 1000 3485 μέρος
1027 3404 1087 3464 τοῦ
1115 3403 1232 3486 θέρους
1260 3401 1317 3466 sed
1344 3399 1387 3466 ad

212 3507 313 3571 verba
332 3505 387 3572 ἐπὶ
406 3503 466 3594 τὴν
485 3513 542 3596 τῆς
561 3503 691 3593 ὀπώρας
709 3503 914 3593 συγκομιδὴν,
935 3505 1051 3586 quibus
1064 3511 1218 3588 punctum
1233 3506 1388 3590 temporis

212 3611 412 3693 exprimitur.
458 3615 640 3680 Praeterea
663 3617 770 3701 neapol
792 3614 845 3679 vel
869 3611 981 3697 χρόνοι
998 3612 1168 3696 Polybium
1192 3613 1386 3696 scripturum

210 3717 312 3784 fuisse
336 3719 364 3784 si
387 3720 574 3803 significare
597 3719 755 3788 voluisset
778 3720 906 3803 longius
930 3724 1065 3801 tempus.

301 3825 391 3910 Quae
419 3827 525 3893 omnia
548 3827 644 3908 plane
668 3833 744 3894 sunt
766 3825 1000 3910 improbabilia.
1046 3825 1128 3892 Nam
1151 3845 1256 3907 neque
1279 3823 1389 3913 καιρὸς

213 3930 332 3998 minimi
378 3952 481 4014 neque
522 3937 630 4019 καιροὶ
675 3933 844 4018 permagni
889 3932 1044 4016 temporis
1084 3932 1248 3998 notionem
1290 3933 1389 3998 habet

302 4127 321 4197 ¹)
340 4127 405 4195 phil.
425 4127 547 4183 XXXIII
565 4144 593 4196 p.
612 4128 685 4201 243.v

300 4215 321 4285 a)
339 4216 535 4282 Columella,
552 4216 628 4272 dere
643 4221 711 4270 rust.
727 4217 769 4270 XI
783 4219 806 4284 2,
818 4217 866 4271 56:
883 4215 1022 4272 ‘Kalendis
1032 4213 1167 4286 Augustis
1182 4213 1301 4280 etesiae',
1311 4215 1352 4269 XI
1362 4216 1386 4282 2,

211 4303 257 4358 58:
284 4303 343 4359 ⁶111.
363 4305 425 4361 Kal.
446 4307 519 4375 Sept.
538 4305 624 4361 umeri
643 4305 766 4374 Virginis
784 4306 952 4361 exoriuntur.
994 4303 1105 4360 Etesiae
1123 4303 1251 4360 desinunt
1273 4303 1340 4358 flare
1359 4309 1387 4359 et

210 4391 348 4448 interdum
367 4393 486 4450 hiemat'.
