3266 5062
769 322 1027 387 -aaa

187 583 188 588 ρ
296 499 419 566 Ultima
447 500 529 566 enim
556 499 634 566 belli
660 503 755 582 parte
781 518 844 566 non
873 499 1059 566 dimicatum
1082 516 1153 563 esse
1175 497 1238 563 nisi
1260 496 1408 580 parvulis
1430 501 1462 564 et

296 605 491 688 ancipitibus
514 606 645 689 proeliis
668 611 833 672 testantur
856 604 1041 688 Polybius
1066 603 1407 691 (α.56,11.57,1-8)
1431 609 1462 670 et

295 714 465 779 Zonaras
488 712 838 798 (V1H16P1397D).

384 820 431 884 At
471 839 589 904 magna
629 819 773 902 profecto
815 839 835 885 a
870 819 1006 902 Polybio
1047 818 1176 886 videtur
1212 835 1283 884 esse
1325 816 1463 883 admissa

295 926 514 1010 neglegentia,
537 926 622 1008 quod
644 928 684 993 de
707 945 791 993 anno
815 928 878 992 502
903 927 1029 993 omnino
1052 931 1149 992 tacet.
1246 975 1250 984 τ

304 1059 306 1062 ·
384 1032 540 1098 Nimirum
574 1033 606 1100 0.
639 1033 773 1099 Atilium
807 1034 845 1100 L.
876 1032 1033 1099 Manlium
1066 1051 1144 1098 coss.
1172 1031 1329 1114 Polybius
1361 1030 1400 1116 (c.
1409 1030 1462 1112 41)

297 1138 381 1204 dicit
408 1139 548 1206 cinxisse
575 1142 721 1206 exercitu
742 1141 948 1224 Lilybaeum,
971 1140 1055 1221 quod
1077 1138 1186 1208 verbis
1210 1137 1280 1211 ἔτος
1303 1134 1334 1204 δ’
1358 1125 1398 1225 ἦν
1420 1143 1463 1223 τῷ

294 1246 428 1331 πολέμῳ
452 1251 798 1332 τεσσαρεσκαιδέκατον
821 1246 860 1329 (υ.
870 1248 923 1327 41,
934 1246 966 1333 3)
991 1246 1176 1314 accuratius
1204 1244 1366 1312 definitur.
1403 1243 1463 1309 Sed

295 1353 469 1418 secundum
496 1351 600 1418 fastos
624 1353 822 1436 Capitolinos
846 1352 990 1420 inierunt
1012 1353 1046 1419 hi
1069 1353 1215 1419 consules
1237 1352 1461 1435 magistratum

297 1477 380 1526 anno
413 1459 479 1524 504
511 1479 539 1526 u.
569 1479 595 1526 c.
623 1479 720 1527 aerae
747 1460 971 1528 Varronianus
1006 1460 1059 1527 vel
1091 1458 1202 1540 quinto
1235 1459 1359 1525 decimo
1391 1456 1463 1523 beili

296 1582 389 1631 anno.
436 1564 526 1649 Quae
553 1566 773 1651 discrepantia
801 1566 958 1649 explicari
984 1585 1048 1633 non
1075 1571 1183 1648 postet
1205 1565 1269 1630 nisi
1292 1563 1461 1631 statuimus

296 1670 448 1738 omissum
471 1692 541 1740 esse
564 1675 682 1740 bacin
705 1673 944 1757 computatione
966 1692 1084 1738 annum
1107 1673 1181 1738 502.
1250 1711 1252 1716 .

386 1779 454 1844 Nec
485 1779 589 1848 minus
621 1781 702 1846 illud
735 1780 936 1847 concluditur
973 1799 1013 1845 ex
1050 1798 1086 1845 eo
1122 1780 1205 1859 loco,
1241 1779 1299 1845 ubi
1331 1775 1460 1844 Romani

297 1883 449 1951 dicuntur
479 1887 685 1968 pertimuisse
712 1888 901 1970 elephantos
933 1905 958 1952 c.
975 1887 1026 1966 39,
1043 1887 1140 1967 llsq.
1173 1886 1204 1951 oi
1234 1883 1294 1972 γὰρ
1318 1882 1458 1968 Ῥωμαῖοι

296 1993 546 2079 διαδοθείσης
574 1992 700 2082 φήμης
723 1998 814 2080 περὶ
845 1999 910 2081 τῆς
943 1991 982 2060 ἐν
1013 1992 1141 2081 Λιβύη
1174 1992 1310 2081 μάχης,
1344 1987 1396 2058 ὅτι
1424 1984 1455 2054 τὰ

296 2102 400 2186 θηρία
437 2097 494 2172 τάς
530 2123 566 2166 τε
603 2098 709 2177 τάξεις
745 2097 853 2167 αὐτῶν
891 2098 1067 2166 διασπάσαι
1102 2103 1158 2164 καὶ
1188 2097 1264 2172 τοὺς
1295 2101 1459 2166 πλείστους

296 2208 492 2292 διαφθείραι
514 2212 580 2273 τῶν
603 2203 737 2294 ἀνδρῶν,
761 2203 861 2281 οὕτως
881 2195 962 2297 ἦσαν
985 2205 1167 2291 κατάφυβοι
1189 2203 1264 2278 τοὺς
1288 2204 1460 2291 ἕλεφάντας

296 2306 339 2384 άς
375 2311 441 2378 ἐπὶ
478 2312 544 2380 δύο
582 2312 784 2388 ἐνιαυτοὺς
820 2311 908 2387 τούς
945 2315 1027 2402 ἑξῆς
1064 2319 1137 2380 τῶν
1169 2317 1459 2399 προειρημένων

297 2423 448 2503 καιρῶν,
471 2418 627 2493 πολλάκις
649 2422 711 2504 μὲν
734 2419 769 2487 ἐν
792 2426 833 2506 τῇ
851 2422 1073 2506 Λιλυβαιίτιδι
1094 2419 1183 2507 χάρη
1205 2417 1365 2492 πολλάκις
1384 2413 1412 2482 d⁹
1429 2412 1459 2480 ἐν

269 2562 272 2568 ,
297 2521 338 2608 τῇ
356 2524 566 2612 Σελινουντίαν
590 2526 877 2613 παραταττόμενοι
900 2538 966 2600 τοῖς
988 2527 1158 2610 πολεμίους
1180 2524 1216 2592 ἕν
1241 2525 1275 2602 ἓξ
1293 2529 1349 2591 καί
1367 2529 1459 2590 πέντε

296 2633 444 2711 σταδίοις,
468 2627 525 2696 οὐκ
549 2630 738 2721 ἐθάρρησαν
766 2630 923 2700 οὐδέποτε
946 2632 1103 2718 κατάρξαι
1126 2639 1182 2720 τῆς
1204 2631 1311 2719 μάχης
1335 2627 1403 2697 οὐδ’
1421 2626 1460 2698 εἰς

297 2733 372 2810 τοὺς
395 2733 534 2820 ὁμαλοὺς
557 2738 702 2805 καθόλου
721 2748 960 2830 συγκαταβῆναι
978 2740 1099 2814 τόπους
1118 2738 1286 2844 δεδιότες
1305 2737 1459 2827 τὴντῶν

298 2841 528 2928 ἐλεφάντων
542 2845 690 2930 ἔφοδον.

386 2950 595 3034 significatur
626 2953 679 3019 hio
709 2954 767 3020 illa
798 2973 908 3038 pugna
938 2953 973 3020 iu
1000 2953 1105 3038 Libya
1137 2951 1305 3020 commissa
1337 2950 1372 3018 in
1403 2963 1460 3029 qua

297 3057 346 3122 Μ..
363 3057 485 3124 Atilius
512 3078 532 3124 a
554 3059 742 3143 Xanthippo
770 3059 877 3127 victus
905 3066 939 3127 et
967 3065 1082 3144 captus
1105 3065 1165 3126 est.
1210 3057 1316 3124 Huius
1339 3070 1460 3141 pugnae

296 3182 349 3228 res
376 3162 524 3248 singulae
550 3185 614 3232 non
642 3165 732 3248 prius
752 3147 793 3232 'in
821 3166 957 3233 omnium
987 3186 1041 3234 ore
1067 3169 1220 3247 poterant
1246 3184 1317 3232 esse
1344 3165 1460 3231 Romae

175 3307 177 3312 ·
295 3288 389 3350 quam
414 3272 455 3336 ad
477 3271 571 3337 finem
589 3276 725 3340 venerat
744 3274 931 3340 consulatus
954 3271 1181 3341 aesinion.
1201 3272 1351 3340 Cornelii.
1383 3269 1459 3334 Nan

294 3376 338 3443 Μ.
365 3377 525 3443 Aemilius
554 3377 621 3446 Ser.
643 3377 782 3446 Fuluius
811 3397 889 3447 coss.
915 3399 985 3445 oum
1014 3379 1176 3445 exercitus
1203 3398 1284 3460 quae
1313 3379 1459 3459 Clupeam

293 3481 425 3566 iugarat
443 3489 568 3567 partem
586 3484 620 3551 in
638 3505 738 3553 naves
757 3485 986 3567 imposuissent
999 3490 1193 3569 tempestate
1207 3485 1249 3550 ad
1264 3483 1458 3551 Camerinan

294 3594 367 3654 orta
395 3591 564 3658 admodum
592 3611 743 3676 magnum
771 3592 948 3659 amiserant
971 3591 1099 3658 navium
1122 3609 1297 3658 numerum.
1344 3585 1457 3657 Classis

293 3695 448 3776 reliquias
475 3699 645 3764 Messanae
673 3705 867 3782 acceperunt
894 3699 933 3766 A.
961 3697 1083 3763 Atilius
1111 3697 1165 3764 Cn.
1194 3697 1361 3792 Cornelius
1388 3687 1457 3761 anni

294 3801 360 3867 500
370 3821 459 3883 coss,
470 3804 524 3884 qui
533 3805 692 3871 Panormo
703 3811 891 3888 expugnata
900 3806 1033 3872 Romam
1048 3804 1215 3870 redierunt
1225 3802 1263 3890 (c.
1274 3795 1458 3884 sac-10).

294 3909 376 3974 Tum
413 3911 536 3976 demum
574 3910 644 3978 fieri
676 3912 795 3994 potuit,
833 3917 870 3978 ut
900 3910 1038 3976 Romani
1069 3911 1220 3977 audirent
1251 3928 1379 3995 pugnae
1410 3920 1459 3970 res

293 4015 440 4098 singulas
468 4021 501 4082 et
528 4037 644 4102 magno
672 4018 706 4084 in
734 4018 849 4085 timore
878 4022 986 4084 essent
1009 4017 1259 4100 elephantorum.
1306 4015 1368 4100 Qui
1391 4011 1458 4078 sub·

293 4122 380 4187 latus
399 4128 450 4188 est
468 4125 568 4190 allato
586 4125 744 4193 uictoriae
757 4125 1007 4192 Panormitanae
1025 4123 1146 4204 nuntio,
1170 4143 1211 4190 ex
1225 4143 1288 4205 qua
1301 4124 1458 4189 Romanos

159 4222 161 4227 ’
293 4228 451 4312 Polybius.
484 4236 598 4298 narrat
634 4232 806 4299 maximam
842 4231 1025 4315 percepisse
1056 4230 1223 4298 laetitiam.
1270 4249 1295 4296 c.
1327 4228 1369 4292 41
1402 4217 1457 4299 οὗί

293 4329 394 4409 οὕτως
422 4335 478 4404 ἐπὶ
501 4344 546 4426 τῷ
569 4335 643 4412 τοὺς
666 4341 844 4422 πολεμίους
868 4335 1078 4426 ἠλαττῶσθαι
1100 4343 1166 4403 τῶν
1188 4341 1314 4426 θηρίων
1337 4332 1457 4413 ἐστερη·
