3266 5062
763 333 984 398 ..25-

291 510 361 579 ἀπὸ
385 513 529 602 εἰκοστῆς
552 515 606 578 καὶ
620 511 767 600 Ιἑβδόμης
789 508 991 596 ὀλυμπιάδος
1014 507 1151 598 ἤρξαντο
1175 510 1207 575 οἰ
1225 506 1370 597 ἀθληταὶ
1388 505 1465 574 ἀνα·

290 617 478 706 γράφεσθαι
508 613 578 687 ὅσοι
607 617 728 707 δηλαδὴ
756 617 938 706 νικηφόροι.
974 613 1040 703 πρὸ
1072 623 1131 683 τοῦ
1163 613 1222 704 γάρ
1255 612 1359 690 οὐδεὶς
1392 613 1464 683 ἀνε·

290 725 398 814 γράφη
427 723 662 814 ἀμελησάντων
690 733 755 792 τῶν
782 725 953 813 πρότερον.
999 729 1040 812 τῇ
1073 727 1106 790 δὲ
1139 723 1268 812 εἰκοστῇ
1300 720 1393 812 όγδόη
1425 720 1464 790 τὸ

290 833 422 900 στάδιον
445 841 545 900 νικῶν
569 833 722 921 Κόροιβος
749 829 874 906 Ἠλεῖος
901 828 1068 918 ἀνεγράφη
1096 836 1224 918 πρῶτος
1247 833 1301 896 καὶ
1324 825 1345 916 ἡ
1368 825 1466 912 όλυμ·

289 937 369 1014 πιάς
401 938 483 1029 αὕτη
516 939 630 1028 πρώτη
663 939 807 1027 ἐτάχθη,
840 935 897 1024 ἀφ’
931 926 967 1027 ἧς
992 933 1145 1026 Ἕλληνες
1182 933 1362 1023 ἀριθμοῦσι
1389 934 1464 1010 τοὺς

294 1045 441 1134 χρόνους,
475 1046 515 1113 τά
548 1044 578 1114 δ’
612 1043 696 1112 αάτά
729 1052 774 1134 aqi
801 1043 1011 1134 Ἀριστοδήμη
1040 1048 1094 1111 καί
1117 1043 1308 1130 Πολύβιος
1334 1044 1465 1130 ἱστορεῖ,

291 1155 377 1234 quod
395 1154 612 1237 fragmentum
632 1152 872 1232 Hultschius
882 1153 1021 1220 secundo
1037 1151 1123 1219 sexti
1135 1151 1211 1217 libri
1225 1150 1326 1234 capiti
1339 1149 1463 1216 tribuit.

379 1257 469 1327 Idem
498 1260 746 1344 cognosciture
779 1259 958 1344 Syncello
990 1280 1019 1342 p.
1050 1259 1136 1325 1950
1158 1277 1204 1339 sq.
1213 1256 1237 1343 1)
1286 1254 1465 1342 Ὀλυμπιὰς

291 1367 324 1432 δὲ
348 1365 418 1433 ἐστι
439 1365 520 1455 παρ>
541 1365 673 1456 Ἕλλησι
701 1363 948 1455 τετραετηρικὸς
975 1366 1094 1454 χρόνος,
1122 1352 1161 1430 οὗ
1189 1361 1273 1430 κατὰ
1300 1361 1361 1449 την
1388 1383 1467 1446 συμ·

290 1471 458 1561 πληρωσιν
482 1472 665 1560 ἀρχομένου
689 1480 749 1540 τοῦ
770 1473 862 1548 ἔτους
881 1470 898 1538 ό
917 1469 1134 1558 Ὀλυμπιακός
1157 1468 1243 1554 ἀγών
1267 1468 1370 1558 ἤγετο.
1393 1474 1467 1536 τοῦ·

290 1605 349 1646 τον
374 1577 534 1669 Ἑλλήνων
561 1585 677 1655 παῖδες
705 1578 906 1666 ἀσυμφώνως
938 1582 1102 1667 ἱστοροῦσι
1141 1581 1395 1658 καταδεδεῐχθαι
1420 1613 1464 1623 -

289 1685 347 1753 τὸν
371 1685 400 1754 δ
424 1683 532 1770 ἀγῶνα
556 1690 724 1755 τετέλεκεν
742 1685 864 1773 Ἴφιτος
885 1685 1093 1776 Ἡρακλείδης
1115 1683 1174 1752 σάν
1196 1682 1376 1771 Λυκούργῳ
1395 1703 1467 1764 συγ·

290 1805 391 1877 γενεῑ,
419 1794 568 1882 ἑκάτεροι
600 1797 634 1860 δὲ
656 1790 873 1881 Ἡρακλεῖδαι.
919 1794 994 1860 τότε
1023 1790 1052 1859 δ’
1081 1790 1167 1875 ἀγάν
1199 1795 1330 1859 σταδίου
1362 1788 1468 1874 μόνον

290 1889 408 1988 ἦνκαὶ
432 1902 535 1975 οὐδεὶς
559 1898 761 1987 ἀνεγράφετο
785 1899 957 1989 νικηφόρος
981 1897 1192 1984 ἀμελούντων
1214 1905 1279 1966 τών
1302 1895 1465 1985 τηνικάδε.

291 2005 385 2096 ὀγδόη
418 2011 453 2074 δὲ
484 2012 540 2074 καὶ
576 2009 706 2096 εἰκοστῇ
739 2004 919 2090 ὀλυμπιάδι
952 2005 1105 2094 Κόροιβος
1138 2003 1263 2079 Ἠλεῖος
1297 2001 1465 2090 ἀνεγράφη

293 2112 426 2180 στάδιον
449 2114 580 2204 νικήσας
602 2117 657 2180 καί
680 2110 700 2202 ἡ
723 2111 795 2180 κατ’
814 2110 916 2180 αἰτόν
934 2111 1099 2198 ἀλυμπιάς
1116 2112 1231 2201 πρώτη
1251 2110 1387 2199 ἐτάχθη,
1406 2105 1465 2194 ἀφ’

292 2209 328 2309 ἧς
353 2218 507 2310 Ἕλληνες
538 2218 697 2309 ἀριθμεῖν
734 2246 766 2286 τι
802 2225 951 2289 δοκοῦσιν
984 2218 1121 2308 ἀκριβῶς
1157 2217 1324 2307 χρονικόν·
1359 2223 1464 2284 ταῦτα

291 2325 510 2415 Ἀριστόδημος
533 2329 658 2411 ἱστορεῖ
677 2332 732 2393 καὶ
755 2325 880 2414 συνφδά
903 2326 1008 2414 τοάτφ
1032 2325 1233 2413 Πολύβιος.

381 2433 445 2501 Sed
469 2435 647 2515 quaeritur,
670 2453 727 2500 cur
749 2434 905 2518 Polybius
927 2453 1045 2503 novam
1063 2434 1278 2516 olympiadum
1296 2431 1464 2508 rationem,

289 2541 346 2609 ubi
368 2542 506 2624 primum
533 2541 682 2609 adhibuit
709 2560 791 2621 eam,
823 2560 888 2607 non
920 2541 1032 2608 statim
1062 2541 1208 2624 longiore
1240 2537 1467 2622 exploraverit

292 2648 501 2732 expositione.

379 2756 429 2823 Ac
451 2753 690 2841 Nissenius2)
714 2755 841 2835 quidem
865 2754 947 2821 satis
969 2755 1031 2822 hoc
1049 2753 1206 2837 explicari
1223 2771 1318 2835 posse
1336 2750 1467 2834 putavit

291 2862 401 2928 eloco
424 2862 493 2928 XII
512 2863 566 2943 11,
586 2863 615 2942 1,
641 2861 696 2926 ubi
723 2862 878 2945 Polybius
912 2863 952 2928 de
984 2861 1116 2928 Timaeo
1148 2862 1229 2927 haec
1261 2858 1341 2924 dicit
1365 2853 1381 2923 ὁ
1405 2854 1466 2944 γὰρ

291 2965 348 3041 τάς
384 2973 561 3053 συγκρίσεις
594 2966 793 3051 ποιούμενος
826 2966 990 3037 ἀνέκαθεν
1022 2973 1087 3034 τῶν
1120 2965 1246 3053 ἐφόρων
1277 2962 1360 3051 πρός
1390 2959 1466 3036 τοάς

291 3076 433 3161 βασιλεῖς
455 3071 530 3147 τούς
555 3072 591 3140 ἐν
613 3078 840 3158 Λακεδαίμονι
862 3079 917 3142 καὶ
939 3072 1014 3148 τούς
1037 3071 1196 3160 ἄρχοντας
1223 3074 1298 3146 τούς
1316 3068 1468 3159 Ἀθήνησι

291 3184 346 3246 καὶ
368 3177 425 3254 τάς
449 3181 567 3267 ἱερείας
590 3177 647 3254 τάς
670 3179 706 3247 ἰν
724 3180 825 3268 Ἄργει
852 3180 1072 3269 παραβάλλων
1099 3177 1181 3267 πρὸς
1207 3176 1282 3270 τοὺς
1310 3175 1468 3261 όλυμπιο·

293 3293 382 3360 νίκας
409 3289 464 3352 καὶ
491 3284 548 3361 τάς
575 3283 737 3375 ἁμαρτίας
763 3295 829 3354 τών
856 3286 985 3354 πόλεων
1012 3290 1091 3374 περὶ
1118 3283 1175 3360 τάς
1198 3282 1386 3373 ἀναγραφὰς
1408 3281 1467 3357 τάς

293 3391 417 3499 τούτων
450 3392 620 3476 ἐξελέγχων
652 3392 757 3482 παρὰ
790 3401 979 3483 τρίμηνον
1016 3393 1175 3476 ἰχοόσας
1207 3390 1249 3460 τό
1281 3396 1469 3478 διαφέρον

294 3498 388 3573 οὗτός
411 3498 488 3567 ἐστι.

381 3606 461 3672 Inde
489 3607 572 3674 enim
600 3608 687 3674 illam
716 3607 845 3690 Polybii
873 3606 1089 3690 olympiadum
1117 3606 1275 3675 rationem
1301 3607 1367 3673 iam
1389 3610 1468 3672 ante

293 3731 364 3778 eum
393 3710 536 3778 Graecos
565 3714 751 3781 adhibuisse
778 3713 950 3780 concludit.
995 3713 1059 3780 Sed
1086 3715 1182 3797 plane
1204 3713 1302 3780 aliter
1324 3711 1469 3795 explicat

292 3818 476 3900 Ungerus.
488 3820 589 3887 verba
606 3818 699 3908 παρὰ
722 3826 880 3908 τρίμηνον
899 3819 1088 3900 exoticaque
1107 3825 1270 3908 διαφέρω,
1293 3820 1328 3885 in
1351 3818 1466 3900 quibus

293 3930 446 3993 versatur
469 3925 666 4006 quaestionis
683 3927 796 4002 ‚cardo
841 3926 925 3992 Nam
953 3926 999 3993 eis
1027 3928 1205 4012 significari
1233 3928 1349 3995 debere
1370 3929 1467 4008 putat

292 4032 374 4099 illud
396 4032 492 4099 unius
515 4032 633 4099 mensis
656 4037 691 4100 et
713 4033 836 4099 dimidii
860 4033 1039 4116 discrimen,
1064 4037 1147 4116 quod
1169 4035 1256 4102 inter
1274 4031 1467 4116 olympiadis

384 4265 404 4333 ²)
423 4265 501 4334 Oorp.
521 4263 586 4319 hist.
605 4264 719 4332 Byzant.
755 4265 840 4320 Bonn.
860 4265 875 4318 1
892 4279 917 4332 p.
937 4264 990 4319 368
1010 4281 1049 4333 sq.

383 4353 404 4422 2)
423 4355 492 4409 Mus.
513 4355 598 4409 Rhen.
618 4354 709 4409 XXVI
727 4370 753 4422 p.
773 4354 833 4409 252.
