3266 5062
657 344 878 409 „19..

178 530 264 593 teste
301 523 417 590 incidit
452 523 487 589 in
522 524 675 594 brumam.
720 524 836 603 Itaque
873 523 1064 605 olympiadis
1103 524 1167 589 145
1205 529 1355 605 quartum

178 651 298 699 annum
323 669 365 678 -
388 649 525 712 namque
552 629 700 695 narratio
728 629 895 710 aliquanto
919 635 996 695 ante
1018 629 1253 696 exorditur-
1275 631 1356 696 mibi

180 739 308 821 quidem
331 738 463 805 uidetur
486 756 556 804 esse
579 735 784 802 manifestum
807 737 848 802 ab
872 736 986 802 hiemis
1008 736 1168 819 incepisse
1190 737 1291 804 initio.

270 845 383 926 Neque
405 844 504 910 aliter
526 863 597 910 sese
619 845 719 909 habet
742 862 794 909 res
817 844 852 910 X
871 844 923 924 34,
946 843 1002 910 ubi
1020 843 1060 909 ab
1079 844 1270 928 olympiadis
1291 845 1355 910 142

179 957 296 1034 quarto
325 970 408 1018 anno
436 969 489 1016 res
512 950 746 1033 Hispanienses
773 950 944 1016 ordiuntur
966 948 1049 1017 κατὰ
1074 955 1107 1018 δὲ
1130 949 1192 1039 τὴν
1214 948 1356 1040 Ἰβηρίαν

182 1058 327 1133 Πόπλιος
351 1054 368 1124 ὁ
391 1064 457 1124 τῶν
474 1054 638 1141 Ῥωμαίων
662 1054 837 1144 στρατηγὸς
858 1055 1054 1140 ποιούμενος
1078 1055 1147 1146 την
1169 1082 1355 1145 παραχει·
1403 1103 1405 1110 -

179 1171 324 1249 μασίαν
357 1164 392 1232 ἐν
423 1163 628 1252 Ταρρύκωνι,
662 1161 819 1249 καθάπερ
852 1163 888 1231 ἐν
920 1176 987 1238 τοῖς
1017 1163 1083 1250 πρὸ
1111 1163 1235 1231 τούτων
1267 1168 1356 1253 δεδη-

181 1271 341 1356 λώκαμεν.
1124 1321 1127 1328 .

271 1379 352 1445 Nam
389 1381 491 1446 verba
528 1385 675 1445 extrema
706 1383 858 1460 spectant
891 1380 933 1445 ad
965 1379 1094 1460 >laos
1126 1384 1252 1466 προῆγε
1283 1404 1357 1445 ποι-

183 1484 321 1570 ούμενος
347 1483 408 1573 τὴν
435 1491 575 1572 πορείαν
599 1481 639 1558 ὡς
663 1483 719 1552 ἐπὶ
745 1483 960 1572 Ταρρύκωνος
984 1485 1065 1566 ἔχων
1088 1482 1274 1569 μεθάύτού
1301 1489 1356 1551 καὶ

182 1590 257 1667 τοὺς
277 1589 426 1680 ὁμήρους,
445 1592 501 1658 nbi
514 1592 548 1657 in
563 1591 754 1676 olympiadis
770 1593 874 1671 1423
889 1592 951 1658 fine
965 1593 1135 1676 Polybium
1150 1592 1357 1675 cognoscitur

184 1701 323 1766 nondum
336 1699 453 1766 fecisse
466 1698 581 1765 hiemis
594 1700 797 1764 mentionem.
821 1699 1055 1781 Comprobatur
1068 1698 1231 1765 sententia
1240 1718 1265 1765 ο.
1273 1700 1357 1779 34,4

185 1813 249 1872 τῶν
276 1804 336 1893 γὰρ
365 1805 536 1890 δυνάμεων
563 1803 654 1893 ἄρτι
681 1809 900 1891 διαφειμένων
928 1805 975 1879 είς
1001 1803 1062 1894 τὴν
1089 1811 1355 1890 παραχειμασίαν

183 1919 293 2001 παρῆν
316 1913 362 1987 εἰς
384 1911 446 2001 τὴν
472 1911 683 2000 Ταρρύκωνα.
1150 1902 1153 1909 ’

272 2022 343 2086 Νοο
367 2019 470 2103 igitur
488 2021 611 2100 mirum,
635 2020 720 2101 quod
738 2020 820 2086 idem
841 2039 944 2086 annus
962 2019 1066 2086 hieme
1084 2020 1216 2086 ineunte
1234 2019 1355 2098 finitur,

183 2123 797 2211 νὶᾱοοωὶωΧ4Ο,12μενὰδε’ναῦτα
812 2132 877 2213 τῆς
892 2121 1071 2213 ὥραςῆδη
1086 2125 1356 2215 συναπτούσης

184 2229 369 2321 ἀνεχώρησε
404 2229 490 2317 μετὰ
526 2240 583 2321 τῆς
619 2231 787 2316 δυνάμεως
824 2233 870 2306 εἰς
904 2231 1105 2319 Ταρρύκωνα
1138 2232 1287 2299 σπεύδων
1319 2233 1355 2300 ἒν

186 2337 314 2414 τούτοις
337 2351 403 2414 τοῖς
426 2339 543 2414 τόποις
565 2345 739 2406 ποιεῖσθαι
762 2336 823 2428 τὴν
847 2347 1172 2426 παραχειμασίαν.

274 2447 476 2531 Olympiadis
492 2449 556 2512 144
569 2428 687 2514 annuln
701 2446 838 2530 primum
853 2446 900 2512 sic
914 2447 1029 2528 incipit
1038 2445 1193 2531 Polybius
1202 2448 1285 2514 XIV
1296 2449 1354 2529 1,1

183 2553 216 2618 οἱ
246 2556 309 2637 μὲν
341 2543 400 2620 οὖν
432 2550 554 2621 ύπατοι
581 2558 660 2640 περὶ
687 2553 808 2627 ταύτας
836 2552 979 2635 ἐγίνοντο
1007 2550 1065 2627 τὰς
1091 2552 1239 2639 πράξεις,
1274 2551 1290 2618 ὁ
1322 2559 1356 2622 δὲ

184 2659 329 2734 Πόπλιος
344 2660 380 2728 ἒν
393 2668 435 2749 τῇ
449 2661 558 2750 Λιβύη
573 2659 668 2727 κατὰ
683 2658 753 2748 τὴν
771 2666 1089 2748 παραχειμασίαν
1104 2659 1358 2745 πυνθανόμενος

185 2766 352 2852 ἐξαρνύειν
385 2767 500 2834 στύλον
536 2766 612 2842 τούς
643 2771 892 2856 Καρχηδονίους,
930 2766 1053 2848 ἐγίνετο
1090 2769 1152 2850 μὲν
1189 2771 1243 2833 καὶ
1280 2773 1359 2854 περὶ

185 2875 309 2963 ταύτην
328 2873 389 2963 τὴν
407 2875 606 2964 παρσκενην,
630 2872 688 2956 ούχ
712 2863 811 2963 ἦνιον
834 2876 868 2941 δὲ
891 2878 946 2940 καὶ
968 2876 1047 2958 περὶ
1069 2877 1130 2961 νην
1153 2880 1210 2962 τῆς
1232 2871 1359 2963 Ἰτύκης

185 2985 385 3068 πολιορκίαν,
400 2982 485 3063 quod
498 2987 625 3064 tempus
640 2981 824 3049 accuratius
839 2981 1000 3060 definitur,
1015 2979 1071 3046 ubi
1084 2980 1171 3048 veris
1184 2981 1222 3047 fit
1235 2982 1357 3048 mentio

185 3090 286 3170 c.2,1
312 3086 427 3176 ἐπειδὴ
451 3091 485 3155 δὲ
508 3086 549 3157 τὰ
572 3092 634 3172 μὲν
657 3095 713 3177 τῆς
736 3087 866 3176 ἐαρινῆς
889 3083 972 3172 ὥρας
996 3083 1180 3172 ὑπέφαινεν
1203 3086 1273 3176 ἤδη.

275 3195 367 3279 Quod
394 3195 477 3262 enim
492 3198 523 3262 ‘e
551 3201 622 3262 tota
649 3194 746 3278 primi
773 3195 890 3277 capitis
922 3193 1111 3261 narratione
1138 3213 1191 3261 res
1223 3195 1268 3261 ibi
1304 3197 1358 3262 de·

185 3303 325 3385 scriptas
338 3302 467 3386 longius
481 3322 539 3384 per
562 3303 717 3386 temporis
740 3302 881 3384 spatium
900 3307 1038 3384 apparet
1057 3302 1201 3382 durasse,
1224 3312 1358 3369 nonest

187 3409 325 3491 dubium,
349 3409 426 3490 quin
449 3410 639 3494 olympiadis
665 3410 729 3475 144
752 3409 874 3491 primus
897 3427 1001 3474 annus
1024 3408 1171 3474 ordiatur
1194 3411 1234 3474 ab
1253 3408 1358 3475 hieme

188 3515 326 3582 ineunte.
373 3516 465 3600 Quod
493 3518 733 3584 commendatur
760 3520 946 3598 comparato
973 3515 1081 3595 Livio,
1115 3515 1169 3596 qui
1196 3515 1354 3581 describit

186 3623 378 3706 olympiadis
398 3624 504 3704 143,4
520 3624 614 3690 finem
633 3622 751 3688 XXIX
761 3624 812 3702 35,
826 3622 876 3686 13.
887 3623 929 3686 14
943 3621 1113 3687 ‘et-iam
1132 3621 1216 3688 enim
1235 3622 1357 3688 hiems

185 3728 362 3795 instabat
394 3767 437 3776 --
471 3735 600 3796 castra
632 3730 793 3796 hiberna
821 3728 928 3810 Scipio
960 3728 995 3794 in
1026 3721 1247 3812 promontiirio
1275 3748 1358 3795 com-

186 3834 290 3900 munit
321 3874 366 3881 —
397 3837 477 3902 haec
508 3835 543 3902 in
570 3837 683 3903 Africa
716 3855 834 3919 usquc
866 3836 913 3901 ad
946 3841 1154 3902 extremum
1186 3836 1359 3902 autumni

185 3941 302 4025 gesta’,
327 3943 412 4008 unde
440 3943 633 4026 olympiadis
660 3944 754 4010 finem
783 3942 985 4009 concluditur
1011 3941 1113 4008 fuisse
1135 3942 1248 4008 hiemis
1271 3941 1358 4023 prin·

186 4046 278 4130 cipio.
324 4049 379 4114 Nil
401 4049 504 4133 igitur
526 4050 669 4133 impedit,
694 4051 860 4131 quominus
884 4048 1076 4131 olympiadis
1102 4048 1204 4128 144,1
1229 4047 1356 4114 initium

185 4173 341 4237 ponamus
366 4157 474 4222 eodem
499 4162 651 4239 tempore.

277 4262 431 4329 Venimus
476 4263 542 4330 iam
587 4265 630 4330 ad
671 4262 869 4347 olympiades
910 4261 944 4328 in
991 4262 1084 4329 libris
1124 4260 1358 4345 posterioribus

188 4366 377 4451 descriptas
423 4371 532 4451 Atque
568 4369 619 4436 his
655 4369 689 4435 in
726 4369 960 4453 olympiadibus
992 4389 1052 4452 per
1083 4368 1227 4451 singulos
1259 4367 1358 4434 libros

1107 4473 1144 4527 2*
