3266 5062
678 349 900 412 ..17-

201 524 338 614 monet1)
361 527 432 611 ipse
455 531 527 594 erat
549 526 699 594 Achaeus
722 525 892 607 fontesque
914 525 1054 614 adibatl)
1076 526 1292 610 Achaeorum
1320 528 1376 610 qui

201 641 270 702 tum
292 634 381 702 inter
404 632 548 700 Graecos
571 632 763 701 obtinebant
783 631 1010 715 principatum.

290 741 353 807 His
381 743 478 808 rebus
506 739 666 823 expeditis
692 740 757 806 iarn
784 739 1013 825 adgrediamur
1040 731 1082 806 ad
1109 741 1245 808 alteram
1268 743 1376 828 dispu-

204 847 338 916 tationis
357 852 491 930 partem,
510 866 574 929 qua
592 846 823 931 investigaturi
836 865 945 913 sumus
960 845 1184 930 Olympiadum
1198 849 1233 916 in
1246 849 1376 935 Polybii

133 1006 136 1010 -
203 954 396 1039 fragmentis
423 953 619 1022 traditarum
645 952 750 1020 initia.
796 955 905 1034 Atque
932 958 970 1020 ut
997 959 1086 1021 certo
1113 953 1240 1023 nitatur
1261 956 1375 1024 lunda·

204 1067 311 1128 mento
338 1063 420 1128 haec
448 1061 607 1144 quaestio,
636 1061 773 1144 primum
800 1059 878 1126 mihi
901 1060 1033 1128 videtur
1056 1077 1127 1127 esse
1149 1062 1375 1145 enarrandum,

206 1188 269 1250 qna
290 1165 468 1235 rationein
489 1168 590 1235 libros
608 1165 813 1234 distribuerit
830 1166 985 1250 Polybius
1003 1165 1150 1251 singulas
1169 1169 1376 1253 olympiaden,

207 1294 269 1355 qua
296 1275 336 1340 de
363 1295 399 1342 re
426 1277 522 1341 tanta
550 1273 732 1358 sagacitate
758 1279 888 1354 tamque
911 1274 1029 1340 eximia
1051 1275 1200 1342 doctrina
1222 1275 1378 1343 disseruit

206 1379 425 1462 Nissenius,
466 1387 504 1448 ut
544 1380 724 1462 quicunqne
760 1386 836 1464 post
871 1399 942 1447 aum
977 1379 1029 1448 his
1064 1383 1161 1448 rebus
1196 1383 1378 1450 tractandis

204 1506 334 1571 operam
374 1493 555 1556 navaturus
596 1492 660 1568 est,
701 1486 732 1554 ei
773 1488 926 1553 utendum
968 1487 1013 1552 sit
1051 1487 1139 1554 illius
1175 1489 1378 1571 potissimum

204 1593 439 1680 auctoritates)
551 1613 561 1632 ·
757 1649 761 1655 .

293 1699 475 1783 Unicuique
510 1700 593 1767 libro
625 1700 795 1785 Polybium
831 1698 1022 1767 attribuisse
1057 1699 1150 1766 binos
1187 1702 1378 1786 olympiadis

207 1826 308 1874 annos
332 1807 539 1892 cognoscitur
562 1807 718 1888 eIX1,1
744 1808 863 1892 οἱμὲν
886 1795 945 1873 οὖν
969 1805 1228 1892 ἐπιφανέσταται
1246 1807 1379 1896 πράξεις

89 1951 93 1963 =
204 1921 270 1980 τῶν
294 1911 361 1980 ὑπὸ
384 1919 441 2001 τῆς
460 1921 699 2002 προειρημένης
722 1911 924 1998 ὀλυμπιάδος
945 1915 1216 2000 περιληφδεισοῖν
1239 1919 1293 1981 καὶ
1318 1923 1378 1982 τοῦ

205 2026 399 2107 τετραετοῦς
416 2022 641 2109 διαστήματος,
665 2015 683 2085 ὅ
700 2043 810 2105 φαμεν
829 2025 898 2088 δεῖν
917 2017 1105 2104 ὀλυμπιάδα
1125 2023 1277 2106 νομίζειν,
1295 2023 1378 2089 εἰσὶν

207 2115 313 2194 αὗται.
345 2129 424 2213 περὶ
451 2115 496 2193 ὧν
520 2124 613 2215 ἡμεῖς
636 2125 672 2193 ἕν
695 2130 766 2193 δνσὶ
789 2127 924 2213 βιβλίοις
946 2124 1178 2214 πειρασόμεθα
1204 2135 1379 2198 ποιεῖσθαι

208 2230 269 2321 τὴν
291 2231 451 2322 ἐξήγησιν,
480 2252 574 2314 quam
603 2233 730 2314 quidem
758 2234 903 2317 regulam
926 2238 1017 2300 tenet
1038 2252 1139 2314 usque
1162 2234 1204 2300 ad
1228 2242 1378 2318 quartum

207 2341 362 2408 decimum
385 2340 511 2420 librum,
534 2339 620 2407 unde
642 2359 759 2408 nouam
780 2339 965 2424 ingreditur
988 2338 1203 2408 distribuendi
1224 2342 1320 2410 viam.

295 2463 386 2548 Quae
418 2464 522 2546 qualis
553 2464 654 2531 fuerit
682 2465 792 2533 verbis
818 2463 1002 2545 niutau
1024 2461 1074 2530 διὸ
1102 2467 1156 2530 καὶ
1183 2463 1379 2551 βουλόμενοι

206 2567 278 2636 κατ’
303 2568 397 2647 ἀξίαν
428 2578 494 2638 τῶν
531 2571 632 2659 ἔργων
663 2571 868 2660 ποιήσασθαι
899 2569 960 2658 τὴν
992 2569 1149 2660 ἐξήγησιν,
1183 2569 1221 2637 οὗ
1253 2568 1310 2646 τὰς
1342 2572 1377 2640 εἰι

206 2683 272 2744 τῶν
296 2681 386 2744 δυεῖν
407 2677 489 2745 ἐτῶν
502 2677 637 2766 πράξεις
650 2678 919 2762 κατατετάχαμεν
930 2677 975 2752 εἰς
988 2683 1069 2762 μίαν
1083 2677 1212 2764 βύβλον,
1223 2677 1379 2766 καθάπερ

208 2784 244 2852 ἐν
268 2796 335 2858 τοῖς
357 2781 423 2870 πρὸ
446 2784 571 2851 τούτων
590 2782 845 2869 ἀποδεδώκαμεν
863 2804 1053 2866 quamquam
1071 2803 1136 2851 non
1156 2785 1237 2850 satis
1256 2785 1379 2852 diserte

208 2890 424 2976 significatur,
447 2895 504 2958 sed
526 2897 636 2958 tamen
658 2898 796 2975 apparet
819 2891 958 2976 singulis
979 2892 1073 2958 libris
1095 2910 1159 2957 non
1181 2890 1273 2958 binos
1296 2909 1379 2958 com·

206 2998 389 3080 plectarum
415 2997 516 3065 fuisse
538 2999 708 3083 Polybium
735 3018 845 3066 annos.
891 2998 956 3065 Sed
984 2998 1025 3064 ab
1051 2998 1113 3064 hac
1139 3017 1224 3065 nova
1251 2997 1381 3064 ratione

206 3104 343 3172 recessit
364 3104 429 3171 iam
452 3105 486 3170 in
505 3110 598 3171 sexto
617 3105 738 3172 decimo
756 3105 849 3186 libro,
872 3125 965 3187 quem
983 3123 1096 3170 rursus
1115 3103 1281 3171 continere
1299 3105 1381 3171 duos

207 3211 402 3295 olympiadis
429 3230 531 3277 annos
557 3213 716 3294 probatur
742 3211 905 3295 excerptis
932 3210 1075 3292 antiquis
1102 3229 1167 3276 una
1194 3229 1266 3277 cum
1288 3211 1380 3278 testi-

206 3319 322 3386 moniis
349 3323 384 3384 et
406 3317 563 3400 Stephani
585 3317 739 3400 Byzantii
762 3315 1139 3404 (p930editflultsch.)
1163 3322 1197 3383 et
1219 3317 1382 3384 Athenaei

209 3425 252 3509 (p.
263 3426 330 3491 954
339 3424 415 3492 edit.
425 3423 598 3512 Hnltsch.).
621 3425 689 3491 Nec
707 3424 805 3506 aliam
824 3424 1040 3492 distribuendi
1058 3423 1215 3489 rationem
1235 3422 1383 3504 sequitur

209 3530 244 3596 in
262 3530 354 3596 libris
372 3531 505 3614 septimo
522 3531 645 3598 decimo
663 3537 697 3598 et
715 3531 985 3614 duodevicesim03
998 3530 1074 3597 inde
1088 3536 1196 3597 autem
1210 3531 1381 3597 admodum

210 3635 355 3704 difficilis
372 3637 410 3702 fit
427 3638 583 3720 quaestio,
608 3639 692 3720 quod
711 3639 828 3705 desunt
846 3644 1000 3720 excerpta
1018 3636 1162 3718 antiqua,
1181 3655 1262 3718 quae
1281 3655 1382 3719 usque

208 3763 245 3810 eo
269 3745 496 3811 adminiculum
519 3748 746 3828 praebuerunt

297 3849 361 3917 Sed
394 3853 436 3918 ad
469 3852 668 3936 olympiades
699 3853 788 3934 ipsas
815 3856 853 3918 ut
878 3851 1118 3934 transgrediar,
1151 3870 1260 3917 earum
1286 3847 1384 3915 initia

211 3962 361 4024 accurate
384 3977 402 4024 e
425 3958 617 4043 fragmentis
640 3958 774 4026 definire
797 3964 926 4025 constat
948 3976 1019 4024 esse
1042 3956 1185 4040 difficile,
1209 3962 1384 4040 propterea

302 4133 321 4202 ¹)
339 4135 409 4190 Mus.
429 4135 514 4191 Rhen.
533 4136 625 4192 XXVI
643 4153 669 4205 p.
689 4137 749 4192 247.

299 4223 319 4294 2)
337 4224 416 4280 Krit.
445 4224 551 4281 Uetera
571 4225 649 4280 νεῖον
676 4225 701 4280 d.
730 4224 839 4295 Qucllea
861 4223 887 4279 d.
911 4223 966 4280 IV.
989 4241 1017 4279 ιι.
1046 4223 1077 4281 V.
1101 4221 1211 4278 Debade
1233 4222 1258 4278 d.
1281 4219 1383 4276 Livius

208 4327 234 4379 p·
254 4311 471 4472 lozagflidinrit.
496 4401 602 4460 Uolero.
622 4419 648 4471 p.
668 4403 732 4473 325;
751 4403 820 4458 Mus.
839 4401 925 4458 Rben.
944 4401 1036 4458 XXVI
1054 4418 1080 4470 p.
1100 4403 1152 4457 254
1171 4417 1209 4470 sq.

972 4489 974 4492 ’
1150 4492 1166 4544 2
