3266 5062
727 346 948 410 ..10-

250 544 334 607 csse,
361 525 458 605 idque
486 522 643 606 imprimis
670 528 857 605 propterca,
887 524 971 604 quod
997 525 1045 590 nil
1073 526 1363 594 concluderc‘licct
1386 548 1427 594 ex

248 632 654 712 schismaticorum
678 630 739 711 μὲν
763 616 821 695 οὖν
845 630 890 704 εἰς
913 627 974 718 τὴν
996 639 1161 719 προτέραν
1185 624 1304 700 ἔπεσεν
1329 631 1425 719 ὀλυμὲ

248 738 370 819 πιάδα,
403 735 444 804 τοὶ
477 735 506 804 δ
541 739 611 824 ἑξῆς
644 736 690 809 εἰς
718 742 779 823 τῆν
810 737 1072 826 τετταρακοστὴν
1110 738 1166 805 ἐπὶ
1198 752 1268 814 ταῖς
1301 739 1425 808 ἑκατὸν.

249 866 275 913 e.
299 847 352 926 26,
378 848 395 910 1
426 843 544 910 τούτου
576 846 609 910 δὲ
642 848 705 919 τοῦ,
734 841 891 927 δόγματος
922 850 1127 931 κυρωθέντος
1158 845 1241 912 κατὰ
1274 845 1311 914 τὸ
1339 855 1425 936 πρῶ·

248 979 306 1019 τον
335 951 406 1025 ἔτος
432 957 489 1038 τῆς
522 953 695 1038 ἑκατοστῆς
727 953 783 1015 καὶ
814 958 1072 1040 τετταρακοστῆς
1105 949 1316 1036 ὀλυμπιάδος.
1361 955 1425 1022 Sed

247 1059 515 1144 proficiscendum
543 1063 594 1124 cst
626 1058 688 1123 hac
720 1056 756 1122 in
787 1077 824 1122 re
856 1059 1054 1125 enucleanda
1077 1079 1097 1125 a
1121 1078 1146 1126 c.
1167 1063 1195 1139 7,
1212 1061 1254 1126 10
1277 1064 1368 1136 τέλος
1391 1064 1425 1128 δὲ

247 1163 348 1233 πένθ’
373 1161 507 1253 ἡμέραις
530 1162 693 1250 πρότερον
716 1169 775 1229 τοῦ
799 1162 1002 1250 καθήκοντος
1025 1162 1114 1254 αὐτῷ
1137 1166 1255 1253 χρόνου
1278 1171 1424 1255 παραλα-

248 1272 314 1359 βών
337 1267 429 1358 παρὰ
452 1277 512 1337 τοῦ
544 1273 724 1353 Τιμοξένου
753 1267 814 1357 τὴν
841 1274 1000 1358 δημοσίαν
1027 1277 1195 1360 σφραγῖδα,
1219 1275 1275 1341 ubi
1301 1276 1425 1343 Aratus

248 1379 388 1461 quinque
416 1377 528 1444 diebus
555 1382 632 1443 ante
660 1396 799 1444 mensem
820 1377 949 1444 Maium
977 1383 1132 1445 narratur
1158 1400 1273 1448 munus
1304 1383 1424 1463 iniisse,

248 1505 309 1568 quo
334 1492 478 1568 tempore
496 1485 620 1550 Achaei
642 1489 711 1550 tum
735 1487 890 1552 creabant
912 1484 1126 1567 magistratus
1150 1485 1211 1573 (VI
1222 1488 1274 1567 37,
1290 1489 1323 1570 23
1338 1488 1368 1554 V
1381 1489 1423 1574 1).

249 1593 338 1677 Quae
370 1592 454 1658 enim
486 1590 647 1673 capitibus
681 1591 789 1656 7-15
820 1591 1046 1658 describuntur
1076 1612 1131 1658 res
1163 1600 1318 1675 qnantum
1342 1613 1424 1660 com-

247 1700 434 1782 plectantur
458 1697 611 1780 temporis
636 1697 776 1780 spatium
799 1697 828 1763 si
851 1698 1105 1782 cognoverimus
1129 1700 1316 1766 habebimus
1340 1703 1424 1781 quod

248 1804 432 1886 quaerimus
453 1803 590 1869 initium.
635 1801 719 1869 Sunt
742 1808 850 1870 autem
873 1805 948 1870 hae:
1296 1885 1300 1894 ι

337 1913 415 1978 Cum
456 1911 580 1976 Aratus
621 1910 819 1992 magistratu
859 1910 941 1976 inito
978 1911 1182 1978 Achaeorum
1222 1913 1423 1981 iuventutem

247 2018 397 2085 iussisset
420 2017 592 2085 convenire
614 2016 853 2099 Megalopolim,
875 2017 923 2082 ibi
940 2018 1095 2085 Messenii
1118 2023 1156 2085 ut
1178 2019 1213 2085 in
1236 2019 1426 2085 societatem

247 2125 471 2207 reciperentur
494 2124 639 2191 omnibus
663 2123 813 2206 precibus
835 2128 985 2205 petentes
1003 2126 1064 2191 hoc
1082 2144 1181 2192 unum
1200 2125 1424 2208 impetrarunt,

247 2237 285 2298 ut
307 2231 372 2297 illis
396 2231 515 2297 bellum
537 2231 659 2298 inferre
681 2235 874 2298 vetarentur
896 2232 1014 2298 Aetoli.
1060 2233 1105 2297 Hi
1129 2232 1241 2298 statim
1264 2251 1282 2298 e
1305 2233 1424 2298 Messe-

246 2340 303 2405 nia
329 2338 365 2404 in
392 2337 520 2403 Elidem
547 2336 699 2419 proiecti,
728 2357 797 2402 cum
826 2338 964 2404 Aratum
992 2339 1112 2405 milites
1139 2338 1252 2421 paucis
1281 2338 1424 2421 exceptis

248 2444 409 2511 dimisisse
432 2443 600 2509 audissent
622 2445 745 2524 praeda
767 2443 802 2508 in
824 2443 964 2510 navibus
988 2451 1181 2513 coacervata
1203 2445 1424 2530 Methydrium

246 2553 281 2618 in
309 2551 472 2617 Arcadiae
499 2549 652 2632 oppidum
680 2556 789 2617 castra
816 2557 1024 2618 removerunt
1051 2552 1094 2617 ad
1122 2551 1337 2618 dimicandum
1369 2552 1424 2616 ad-

248 2659 376 2725 modum
398 2656 559 2739 propensi.
604 2658 673 2722 Nec
696 2658 797 2723 multo
821 2662 895 2740 post
923 2676 992 2724 cum
1016 2658 1157 2726 Achaeis
1181 2657 1347 2742 congressi
1370 2677 1425 2724 eos

247 2765 342 2848 gravi
374 2763 496 2846 proelio
529 2781 662 2845 prorsus
693 2764 852 2832 vicerunt.
907 2769 988 2832 Post
1025 2767 1110 2831 hanc
1145 2764 1317 2832 victoriam
1353 2784 1424 2831 cum

245 2872 402 2938 Pellenen
419 2870 544 2936 frustra
562 2870 772 2954 obsedissent,
796 2872 948 2957 Sicyonia
972 2873 1145 2939 devastate
1173 2872 1299 2938 domum
1322 2872 1425 2937 redie-

246 2984 332 3044 runt.
378 2977 504 3043 Deinde
526 2976 682 3059 Polybius
707 2997 732 3043 c.
753 2981 835 3061 13,6
855 2981 977 3064 pergit:
1002 2980 1091 3044 ‘haec
1108 2977 1187 3044 belli
1205 2978 1333 3044 socialis
1352 2983 1425 3044 erat

248 3104 347 3152 causa
370 3084 454 3165 quod
477 3083 668 3166 inceperunt
692 3104 732 3151 ex
752 3086 889 3153 omnium
910 3087 1068 3152 sociorum
1088 3083 1263 3170 decret01);
1300 3083 1425 3150 Achaei

335 3313 355 3384 ¹)
374 3313 512 3378 c.13‚6.7
532 3307 580 3384 τὴν
594 3311 648 3385 μὲν
657 3301 705 3368 oria
714 3315 805 3369 αἰτίαν
821 3317 867 3370 καὶ
886 3309 933 3386 τὴν
952 3309 1080 3388 οἶφορμὴν
1094 3309 1107 3367 ὃ
1122 3309 1290 3387 συμμαχικὸς
1308 3308 1426 3386 πόλεμος

245 3403 323 3476 ἔσχεν
342 3399 372 3456 ἐκ
390 3396 496 3468 τούτων,
517 3397 565 3472 τὴν
584 3398 608 3456 δ’
627 3398 714 3476 ἀρχὴν
732 3402 762 3458 ἐκ
780 3407 826 3459 τοῦ
842 3399 911 3478 μετὰ
930 3407 1011 3459 ταῦτα
1028 3404 1178 3476 γενομένου
1193 3399 1324 3475 δόγματος
1338 3399 1425 3456 ἁπάν-

245 3510 299 3545 των
317 3493 369 3544 τῶν
388 3486 546 3565 συμμάχων,
561 3488 576 3545 δ
591 3487 766 3554 συνελθόντες
785 3494 824 3555 εἰς
842 3490 962 3565 τὴντῶν
975 3494 1138 3565 Κορινθίων
1156 3488 1237 3546 πόλιν
1251 3486 1425 3563 ἐπεκύρωσαν

246 3574 521 3652 διαπρυιανεύσαντος
543 3577 572 3634 το
596 3577 747 3652 διαβοδλιον
769 3581 909 3637 Φιλίππου
932 3585 978 3636 τοῦ
1000 3581 1133 3651 βασιλέως.
1170 3581 1248 3635 Hauc
1271 3580 1424 3635 contionem

244 3667 370 3737 Philippo
389 3669 513 3737 praeside
537 3669 620 3724 aliam
642 3670 727 3725 fuisse
751 3676 833 3739 atque
856 3671 1027 3725 Achaeorum
1050 3674 1208 3737 sequentem
1226 3668 1288 3724 inde
1308 3674 1425 3737 apparet

246 3758 292 3828 (cf.
311 3757 434 3811 Dubois
454 3757 502 3812 ‘les
527 3757 616 3827 lignes
640 3759 773 3814 ttolienne
792 3764 822 3814 et
840 3759 982 3814 acheenne’
1006 3775 1031 3827 p.
1052 3759 1085 3812 72
1105 3764 1134 3814 et
1157 3759 1217 3824 132,
1240 3757 1426 3825 Bibliothecae

244 3847 289 3901 dea
307 3845 385 3900 acoleo
400 3844 557 3914 fraapaiaca
574 3845 717 3902 d'Atbioea
735 3849 761 3902 ct
778 3847 808 3902 dc
827 3847 918 3915 Εουω,
938 3848 1058 3903 iaso.39.
1079 3847 1159 3918 1884)
1178 3848 1249 3914 quod
1267 3847 1311 3900 hic
1330 3845 1425 3914 agitur

244 3939 276 3991 de
296 3934 414 3992 omnium
437 3934 568 3990 sociorum
588 3935 721 3990 communi
739 3937 855 3991 decreto.
884 3936 938 4004 Qui
956 3937 1022 3992 socii
1040 3936 1145 3993 fuerint
1163 3952 1177 3992 a
1195 3936 1237 3990 IV
1250 3935 1276 4001 9,
1291 3936 1308 3989 3
1322 3951 1360 4002 sq.
1381 3951 1424 3989 co-

246 4025 396 4096 gnoscitur,
414 4024 461 4079 ubi
479 4023 583 4080 Achaei
601 4039 697 4079 causas
716 4025 865 4093 proferunt,
885 4042 934 4080 cur
947 4026 1092 4082 Messenios
1111 4042 1164 4080 non
1182 4024 1316 4093 recipiant
1334 4023 1363 4077 in
1381 4039 1423 4077 so-

244 4116 374 4170 cietatem
397 4108 426 4167 οὗ
451 4109 599 4182 φάσκοντες
622 4109 735 4167 δυνατὸν
760 4111 830 4168 εἶναι
851 4117 936 4188 χωρὶς
957 4115 1097 4169 Φιλίππου
1120 4116 1166 4168 καὶ
1193 4116 1246 4167 τῶν
1273 4107 1424 4185 συμμάχων

245 4199 342 4258 οὐδένα
364 4205 524 4275 πρυςλαβεῑν
547 4202 595 4272 (ἔτι
623 4198 677 4275 γὰρ
701 4202 809 4274 ἔνορκος
833 4204 914 4275 ἔμενε
938 4206 1022 4258 πᾶσιν
1045 4201 1060 4275 ἡ
1083 4203 1255 4276 γεγενημένη
1283 4205 1424 4273 συμμαχία

245 4288 279 4346 δι’
297 4287 448 4364 Ἀντιγόνου
467 4287 534 4346 κατὰ
552 4286 612 4353 τοὺς
631 4287 833 4364 Κλεομενικοὺς
850 4287 1080 4365 καιροὺςᾌχαιοῖς
1097 4287 1281 4365 Ἠπειρώταις
1298 4291 1424 4344 Φωκεῦσι

243 4377 385 4436 Μακεδόσι
408 4383 537 4442 Βοιωτοῖς
558 4376 700 4453 Ἀκαρνᾶσι
730 4379 880 4451 Θετταλοῖς)
904 4397 973 4450 quae
996 4381 1086 4436 omnia
1104 4381 1259 4436 accuratius
1278 4380 1360 4434 1147
1380 4395 1420 4446 sq.
