3266 5062
677 330 898 396 -45-

201 513 328 596 πρῶτος
350 510 430 595 περὶ
451 508 600 580 Σικελίας
621 503 787 592 Ῥωμαίοις
810 510 865 572 καὶ
888 511 1116 595 Καρχηδονίοις
1139 507 1281 593 πόλεμος
1306 509 1372 578 ἔτε-

201 635 252 682 σιν
276 614 378 681 εἴκοσι
401 616 456 679 καὶ
479 622 647 701 τέσσαρσιν
671 611 780 688 αὐτοῖς
803 613 975 699 γενόμενος
994 613 1025 688 ἐς
1047 620 1144 682 τοῦτο
1166 614 1332 683 ἐτελεύτα.

291 720 382 804 Quod
417 721 500 788 idem
539 721 737 805 Appianus
774 721 838 788 alio
875 721 944 787 loco
983 720 1063 786 dicit
1099 722 1211 805 Libye.
1244 741 1270 788 c.
1303 723 1323 788 2
1355 724 1372 790 Ι

200 849 229 910 p.
247 829 375 907 196,14
397 829 504 895 Mend.
524 828 773 903 ἑπτακοσίοις
791 825 821 895 δ’
842 823 960 902 αὐτοὺς
980 827 1087 895 ἔτεσιν
1106 824 1173 895 ἀπὸ
1192 835 1251 894 τοῦ
1270 850 1372 896 σονοι

201 938 320 1017 κισμοῦ
346 931 497 1019 Ῥωμαῖοι
523 936 676 1002 Σικελίαν
715 931 907 1020 ἀφείλοντο,
939 935 999 1001 hoc
1031 935 1112 1001 nihil
1143 935 1241 1004 valet.
1290 936 1372 1002 Nam

201 1040 298 1122 plane
325 1043 434 1109 eadem
462 1043 566 1110 Iactat
591 1043 674 1110 bello
698 1041 819 1109 Punico
848 1042 987 1108 secundo
1016 1046 1172 1108 eudemo:
1201 1042 1240 1108 of.
1259 1041 1371 1125 Libya

203 1165 227 1212 c.
253 1147 331 1213 511
353 1169 382 1231 p.
407 1149 481 1230 235,
498 1150 539 1215 23
563 1150 670 1217 Mend.
695 1139 747 1215 οἶα
771 1151 826 1214 καὶ
849 1143 873 1238 ἡ
894 1152 1120 1236 Καρχηδονίων
1147 1146 1241 1223 πόλις
1270 1146 1289 1237 ἡ
1316 1156 1372 1239 της

201 1253 327 1342 Λιβύης
353 1262 487 1344 μεγίστη
510 1260 564 1322 καὶ
592 1254 802 1345 δυνατωτάτη
825 1259 920 1322 ναυσί
946 1258 1001 1320 καὶ
1027 1253 1188 1342 χρήμασιν
1212 1252 1295 1340 ὁμοῦ
1318 1260 1372 1324 καὶ

202 1359 335 1445 ἐλέφασι
361 1366 415 1428 καὶ
438 1369 565 1450 στρατῷ
588 1363 675 1451 πεζῷ
698 1385 734 1429 τε
755 1366 810 1428 καὶ
833 1363 960 1450 ἱππικῷ
977 1365 1032 1427 καὶ
1056 1357 1212 1450 ὑπηκόοις
1240 1365 1372 1439 πολλοῖς

201 1468 449 1542 ἑπτακοσίοις
474 1469 602 1536 ἔτεσιν
622 1466 833 1559 ἅνδησασα.
861 1469 1238 1536 EtutMeltzerusii.1.
1254 1471 1372 1554 optime

199 1574 324 1640 monuit
346 1575 480 1642 tortium
502 1576 586 1642 idem
604 1577 733 1660 repetit
756 1577 812 1643 ubi
834 1575 1030 1644 describitur
1051 1575 1129 1641 belii
1147 1576 1262 1644 Punici
1280 1577 1372 1646 tertii

200 1679 286 1746 finis:
311 1681 349 1748 cf.
372 1683 486 1767 Libye.
510 1703 535 1750 c.
561 1684 623 1749 132
647 1685 664 1751 Ι
687 1705 717 1767 p.
742 1685 853 1764 139‚5
877 1683 983 1750 Menti.
1007 1678 1024 1747 ὃ
1048 1685 1081 1749 δὲ
1102 1689 1246 1750 Σκιπίων
1273 1682 1371 1750 πόλιν

202 1782 286 1874 ὁρῶν
314 1789 562 1864 ἑπτακοσίοις
591 1789 719 1858 ἔτεσιν
753 1786 978 1878 ἄνδησασαν
1002 1785 1078 1856 ἀπὸ
1105 1794 1173 1856 τοῦ
1202 1810 1370 1856 συνοικι-

201 1900 311 1976 σμοῦ,
339 1897 423 1963 unde
447 1896 543 1964 etiam
567 1897 771 1980 perspicitur,
796 1916 857 1978 quo
881 1916 922 1963 ex
944 1895 1033 1963 fonte
1055 1898 1137 1964 haec
1159 1897 1371 1966 manaverint.

200 2000 476 2071 Niunirum'debet
501 2003 559 2071 issa
590 2006 692 2072 verba
722 2003 899 2085 Polybio,
928 2003 982 2084 qui
1009 2003 1092 2069 bello
1120 2003 1243 2070 Punico
1272 2003 1370 2070 tertio

200 2113 344 2174 extremo
368 2109 598 2194 Carthaginem
620 2117 729 2178 monet
749 2110 825 2177 inde
848 2111 889 2176 ab
912 2128 995 2176 anno
1015 2128 1077 2190 quo
1096 2114 1147 2175 est
1165 2109 1295 2176 condita
1312 2129 1371 2192 per

201 2213 424 2299 septingentos
442 2217 589 2284 floruisse
611 2236 721 2285 annos,
758 2217 889 2302 Quanta
907 2221 1015 2282 autern
1033 2215 1181 2283 socordia
1198 2217 1370 2300 neglegen·

201 2321 311 2402 tiaque
332 2323 388 2390 ille
410 2326 470 2391 hoc
492 2324 613 2411 fonte¹)
638 2342 715 2391 usus
739 2323 783 2390 sit
804 2342 896 2389 nemo
918 2342 982 2389 non
1005 2321 1103 2390 videt.

288 2431 436 2513 Denique
457 2431 552 2499 testis
576 2436 628 2498 est
649 2431 819 2496 Zonaras
842 2429 897 2511 qui
919 2429 1022 2494 tradit
1044 2430 1138 2496 haec:
1161 2427 1200 2496 of.
1224 2428 1309 2495 VIII
1329 2430 1369 2496 17

199 2537 369 2604 P1399A
397 2534 499 2623 ὃμὲν
527 2526 586 2606 οὖν
618 2543 746 2624 πρῶτος
772 2547 839 2610 τοῖς
871 2540 1101 2624 Καρχηδονίοις
1132 2534 1276 2619 πόλεμος
1303 2546 1371 2610 τοῖς

199 2640 364 2729 Ῥωμαίοις
388 2645 433 2720 εἰς
456 2649 554 2713 τοῦτο
577 2646 730 2733 κατέληξε
755 2640 899 2731 τετάρτῳ
924 2642 992 2710 ἔτει
1015 2646 1070 2708 καὶ
1089 2641 1232 2730 εἰκοστῷ.

288 2753 341 2817 Ex
365 2753 502 2819 omnium
525 2751 628 2836 igitur
650 2751 778 2817 illorum
800 2749 987 2816 narratione
1009 2748 1130 2814 bellum
1155 2748 1300 2817 ridemus
1328 2750 1369 2816 ad

200 2857 294 2924 finem
316 2859 444 2927 venIsse
467 2878 550 2926 anno
575 2858 649 2924 513.

289 2983 353 3050 Sed
381 2982 435 3066 qui
462 2985 503 3051 ad
526 2981 678 3051 Livium
705 2971 846 3048 redeunt
870 2979 1046 3063 scriptores
1073 2999 1188 3047 annum
1218 2979 1282 3044 512
1310 2999 1368 3062 pro

199 3090 311 3157 ultimo
334 3092 411 3158 belli
432 3092 561 3158 babent.
607 3089 699 3174 Quod
724 3089 905 3155 lucidenter
932 3087 1137 3170 cognoscitur
1164 3106 1204 3153 ex
1231 3090 1369 3153 Eutro-

197 3199 259 3281 pio
278 3200 313 3266 II
337 3201 378 3264 27
402 3198 444 3265 ιΟ.
463 3196 598 3264 Lutatio
618 3195 733 3262 Catulo
762 3194 845 3262 Aulo
865 3194 1030 3261 Postumio
1049 3193 1167 3259 Albino
1186 3211 1266 3260 coss.
1285 3212 1368 3260 anno

197 3306 274 3372 belli
305 3306 420 3374 PunIci
443 3304 594 3373 vicesimo
628 3307 661 3371 et
692 3303 790 3369 tertio
819 3301 946 3367 Catullo
979 3301 1095 3366 bellum
1129 3305 1243 3365 contra
1269 3299 1368 3366 Afros

200 3413 399 3480 commissum
422 3413 480 3481 est’
505 3419 539 3479 et
560 3410 651 3476 IIIi
677 3408 775 3474 ‘finito
799 3407 903 3490 igitur
925 3407 1048 3472 Punico
1073 3406 1170 3486 bello,
1198 3407 1283 3488 quod
1310 3424 1369 3489 per

198 3519 319 3585 XXIII
341 3538 441 3584 annos
464 3523 641 3585 tractatum
665 3517 732 3583 est’

287 3625 398 3706 Neque
425 3625 529 3692 minus
555 3628 668 3707 aperte
695 3621 775 3689 dicit
802 3620 961 3688 OrosIus
987 3619 1036 3686 IV
1060 3620 1151 3699 11,4
1176 3618 1257 3700 ‘quis
1288 3639 1366 3704 rogo

239 3833 241 3839 ⁴
287 3837 307 3908 ²)
324 3837 458 3906 Polybii
476 3853 576 3891 annum
589 3837 641 3891 846
655 3834 762 3907 (1464-
773 3835 835 3905 700)
854 3834 1034 3889 Melicerus
1052 3832 1081 3887 In
1099 3831 1167 3886 libro
1186 3830 1230 3886 cui
1247 3831 1367 3887 inscribi-

198 3931 256 3991 tur,
279 3927 447 3983 ‘Geechiehte
470 3926 517 3982 der
539 3925 698 3995 Carthager’
723 3926 738 3978 Ι
761 3941 786 3992 p.
805 3924 867 3990 461,
887 3921 938 3976 108
957 3937 996 3989 sq.
1019 3927 1092 3976 recte
1114 3921 1192 3976 docet
1214 3921 1303 3976 redire
1332 3923 1367 3976 ad

198 4015 374 4083 Timaeum,
396 4017 442 4084 qui
455 4017 648 4086 Carthaginem
662 4013 831 4082 computavit
850 4027 907 4067 esse
926 4009 1062 4064 conditam
1081 4025 1150 4064 anno
1170 4014 1234 4065 ante
1252 4009 1367 4078 primam

197 4105 376 4174 olympiadem
394 4106 529 4160 tricesimo
548 4110 644 4160 octavo
664 4104 707 4173 (cf.
718 4103 827 4170 Dionys.
847 4101 917 4155 arch.
937 4100 952 4152 Ι
972 4101 1005 4153 74
1023 4116 1048 4166 p.
1059 4098 1129 4169 187).
1156 4098 1306 4152 Discrimen
1320 4115 1366 4153 au·

197 4202 253 4250 tem
276 4193 393 4264 triginta
413 4197 526 4250 duorum
544 4210 688 4260 annorum,
717 4192 788 4260 quod
814 4189 961 4245 intercedit
987 4188 1061 4243 inter
1082 4186 1225 4254 utriusque
1249 4187 1366 4242 auctoris

196 4283 390 4351 testimonium,
404 4300 458 4338 non
475 4289 567 4339 movet
581 4281 756 4350 suspiciones3
772 4295 835 4334 nam
850 4278 936 4333 obiter
950 4282 1061 4332 tantum
1079 4292 1133 4331 non
1152 4276 1304 4332 accuratius
1323 4276 1366 4331 hic

194 4373 325 4442 Polybius
344 4378 540 4452 commemorat,
560 4371 665 4440 qnando
685 4369 794 4426 condita
813 4367 851 4422 sit
869 4367 1014 4436 Carthago.
