3266 5062
676 365 969 476 --11-ι

84 518 95 608 J
181 579 183 586 ·
199 546 307 610 autem
317 538 481 606 nonnullis
492 539 604 606 diebus
618 523 694 622 post
707 559 780 606 cum
793 539 827 606 in
842 540 1023 606 contionem
1037 541 1265 609 convenissent
1274 542 1376 608 cladis
1436 570 1438 578 v

197 652 362 715 auctorem
381 665 471 712 reum
486 644 634 713 iecerunt
647 647 795 726 Aratum,
814 646 868 727 qui
888 652 997 712 tamen
1016 648 1110 730 culpa
1128 647 1286 715 liberatus
1305 653 1376 716 tan·

127 777 130 786 ’
197 760 267 821 mm
277 754 415 836 adeptus
426 758 477 818 est
487 753 674 835 potentiam,
686 757 724 819 ut
733 753 839 819 omnia
850 754 1100 820 decernerentur
1110 774 1151 821 ex
1170 754 1239 821 eius
1250 759 1376 821 senten-

196 861 262 928 aa.
277 860 439 927 Secuntur
449 861 550 927 verba
559 879 585 926 c.
598 861 677 941 14,9
687 865 793 926 ταῦτα
806 861 868 943 μὲν
883 848 941 926 οὖν
951 860 997 934 εἰς
1007 857 1067 947 τὴν
1077 870 1242 948 προτέραν
1257 860 1376 928 ἔπεσεν

198 965 396 1052 ὀλυμπιάδα,
416 965 457 1032 τὰ
476 964 506 1033 δ’
525 968 596 1054 ἑξῆς
614 965 660 1039 εἰς
678 963 739 1053 τὴν
757 964 1020 1055 τετταρακοστὴν
1038 966 1094 1034 ἐπὶ
1113 977 1183 1042 ταῖς
1206 967 1331 1034 ἑκατὸν.

288 1075 369 1141 Illae
387 1091 440 1140 res
460 1078 615 1154 quantum
633 1072 789 1155 temporis
809 1072 1013 1155 expleverint
1031 1072 1171 1157 spatium
1190 1075 1376 1141 accuratius

201 1181 327 1262 quidem
358 1199 421 1246 non
454 1179 532 1246 licet
564 1185 724 1261 statuere,
756 1183 866 1245 tamen
898 1180 1081 1262 complexas
1113 1199 1184 1247 asse
1211 1186 1280 1247 tres
1307 1180 1376 1246 iere

200 1306 324 1354 menses
343 1286 458 1368 quovis
476 1287 612 1370 pignore
630 1285 875 1354 adfirmavem.
917 1285 1039 1352 Incidit
1061 1287 1165 1371 igitur
1183 1287 1376 1371 olympiadis

201 1396 265 1460 140
287 1393 416 1459 initium
439 1394 473 1459 in
497 1406 569 1459 eum
592 1412 741 1474 mensem,
765 1393 821 1474 qui
844 1392 984 1459 efficitur
1007 1393 1035 1460 si
1053 1393 1140 1460 Maio
1163 1398 1232 1460 tras
1250 1413 1376 1460 menses

199 1501 456 1581 adnumeremus
480 1500 514 1566 id
538 1503 589 1566 est
612 1499 647 1565 in
669 1518 808 1566 mensem
834 1499 997 1566 Sextilem.

287 1607 341 1672 Ad
374 1608 458 1688 quod
490 1611 618 1689 tempus
650 1606 887 1674 conveniantne
920 1625 1002 1687 quae
1035 1611 1188 1674 secuntur
1219 1607 1283 1674 iam
1312 1608 1375 1674 erit

200 1714 426 1795 quaerendum.
480 1713 589 1794 Atque
616 1713 763 1779 idoneam
790 1715 948 1796 praebent
971 1731 1081 1780 ansam
1105 1716 1206 1782 verba
1230 1734 1255 1781 c.
1280 1715 1332 1795 27,
1357 1717 1374 1780 1

200 1818 283 1887 κατὰ
321 1822 355 1886 δὲ
386 1817 462 1893 τούς
494 1816 613 1893 αὐτούς
645 1817 777 1906 καιρούς
809 1821 946 1886 Αἰτωλοὶ
978 1819 1188 1908 συνάψαντος
1219 1827 1279 1887 τοῦ
1311 1827 1376 1887 τῶν

200 1925 412 2014 ἀρχαιρεσίων
449 1925 567 2013 χρόνον
599 1925 778 2014 στρατηγὸν
811 1923 920 1993 αὐτῶν
952 1927 1080 1992 εἴλοντο
1112 1927 1259 2007 Σκόπαν,
1292 1928 1376 2009 quod

198 2034 388 2101 Aetolorum
407 2035 602 2100 creabantur
621 2033 835 2116 magistratus
849 2039 924 2116 post
938 2032 1174 2114 aequinoctium
1191 2035 1376 2101 autumnale

198 2141 252 2210 vel
275 2140 433 2206 Kalendis
465 2139 534 2206 fere
562 2139 765 2206 Octobribus.
812 2139 907 2205 Unde
940 2139 1152 2221 computando
1189 2139 1375 2224 regredien-

199 2249 274 2314 dum
294 2253 345 2313 est
363 2265 464 2326 usque
482 2247 524 2312 ad
539 2265 564 2312 c.
581 2247 632 2326 14,
652 2248 672 2311 9
692 2245 806 2327 quibus
821 2245 982 2328 capitibus
995 2247 1075 2312 haec
1091 2246 1330 2313 describuntur:

289 2353 413 2419 Achaei
427 2372 498 2420 cum
512 2354 639 2436 legatos
652 2349 807 2419 auxilium
820 2351 1020 2434 postulatum
1033 2354 1076 2419 ad
1090 2352 1194 2420 socios
1203 2353 1376 2434 misissent,

199 2462 284 2542 quod
315 2465 518 2542 negauerant
549 2459 707 2541 Epirotae
739 2463 773 2524 et
805 2458 988 2541 Philippus,
1021 2458 1082 2524 soli
1118 2460 1268 2544 aggressi
1300 2465 1377 2526 sunt

199 2568 344 2648 Aetolos
368 2567 423 2647 qui
446 2567 493 2632 eis
516 2567 634 2632 bellum
657 2565 779 2632 inferre
802 2569 997 2631 statuerant.

198 2709 301 2762 Eodem
314 2713 434 2776 tempore
449 2707 548 2775 Pylum
564 2705 760 2776 oppugnabant
814 2706 917 2760 Eodem
950 2711 1071 2774 tempore
1098 2707 1202 2761 Aratus
1234 2706 1376 2762 convenire

199 2798 303 2852 frustra
320 2796 420 2866 Illyrii,
444 2812 556 2863 quorum
576 2811 639 2864 pars
659 2794 761 2850 Scerdi—
814 2794 896 2849 iussit
914 2794 1187 2850 Lacedaemoniorum
1206 2802 1234 2852 et
1248 2795 1376 2851 Messeni-

199 2887 276 2941 laodo
299 2887 367 2941 duce
388 2886 562 2953 Naupactum
586 2885 708 2953 profecta
732 2899 761 2939 ss
815 2899 891 2938 orum
919 2882 1010 2952 copias
1039 2890 1068 2939 at
1094 2901 1188 2940 rursus
1211 2901 1228 2939 a
1250 2884 1376 2954 Philippo

200 2975 326 3030 adiunxit
344 2974 457 3031 Aetolis.
495 2973 548 3041 Qui
567 2990 628 3028 cum
647 2990 702 3027 una
720 2973 760 3027 in·
814 2971 915 3040 petivit
934 2972 1074 3028 auxilium.
1098 2973 1199 3028 Taurio
1219 2979 1311 3028 autem
1324 2975 1376 3028 De-

199 3061 761 3131 currissentinAchaiam,Oynaithacapta
814 3061 944 3117 metrium
957 3061 1096 3128 Pharium,
1115 3062 1161 3130 qui
1182 3062 1217 3116 ad
1227 3062 1375 3117 Cenchreas

199 3155 307 3208 domum
325 3152 473 3209 redierunt.
815 3156 907 3206 castra
925 3155 1067 3219 posuerat,
1088 3155 1120 3204 ut
1139 3151 1271 3206 auxilium
1289 3151 1375 3206 ferret

814 3239 929 3294 Achaeis
948 3239 1095 3306 admonuit,
1115 3239 1163 3308 qui
1174 3239 1290 3294 navibus
1303 3238 1377 3294 Isth·

814 3346 888 3383 mum
907 3328 1103 3398 transportatis
1122 3328 1249 3397 cupiebat
1267 3327 1375 3396 quidem

814 3417 957 3486 quominus
979 3417 1071 3474 Aetoli
1093 3417 1214 3473 redirent
1237 3416 1376 3484 impedire,

815 3507 862 3561 sed
880 3511 913 3560 ut
930 3505 1073 3575 Philippus
1092 3504 1177 3562 serius
1196 3504 1317 3560 advenit.

200 3685 378 3755 explicantur.
415 3687 517 3741 Contra
534 3686 564 3741 in
582 3685 751 3740 Achaeorum
770 3685 894 3740 contione
913 3700 935 3739 c.
950 3685 993 3751 14,
1013 3685 1029 3738 1
1048 3700 1087 3752 sq.
1112 3683 1247 3752 descripta
1270 3684 1376 3753 legatos

198 3775 312 3830 mittere
330 3776 480 3830 decernunt
498 3775 534 3830 ad
551 3775 689 3845 Epirotas,
707 3773 841 3841 Boeotios,
860 3773 1196 3840 Phocenseshcarnanes,
1210 3772 1376 3841 Philippum.

200 3881 221 3919 c.
243 3865 285 3934 13,
305 3865 329 3919 6.
350 3865 366 3918 7
385 3864 472 3933 igitur
490 3864 578 3920 obiter
596 3868 760 3933 tanguntur,
779 3879 848 3932 quae
868 3880 889 3918 o.
904 3864 947 3930 22,
968 3864 997 3932 23
1016 3863 1059 3918 25.
1079 3863 1113 3917 26
1131 3867 1278 3917 narrantur
1296 3878 1377 3929 quam

201 3952 410 4008 accuratissime.
448 3955 547 4021 Itaque
561 3953 635 4008 nullo
653 3952 731 4007 modo
751 3951 878 4007 assentiri
896 3968 1005 4021 possum
1023 3951 1159 4007 Klattio
1178 3950 1222 4020 (cf.
1242 3951 1374 4005 ‘Chronol

199 4041 331 4113 Baitrage
348 4058 397 4097 zur
415 4042 576 4097 Geschichte
595 4042 642 4098 des
666 4041 826 4097 achbischen
849 4041 966 4096 Bundes’
990 4057 1016 4109 p.
1035 4041 1071 4096 30
1095 4040 1157 4096 adn.
1176 4038 1204 4110 2)
1227 4039 1273 4107 qui
1292 4039 1376 4094 verba

199 4146 222 4185 c.
234 4131 275 4197 13,
288 4133 339 4186 6.7
360 4131 445 4186 etiam
463 4131 499 4185 ad
518 4147 539 4186 c.
550 4132 620 4198 14,9
638 4130 781 4186 referenda
800 4145 858 4184 esse
876 4135 967 4201 putat.
996 4128 1071 4184 Dicit
1090 4128 1161 4184 enim
1181 4127 1317 4195 ‘Polybius
1335 4143 1375 4182 er·

199 4220 295 4276 wthnt
313 4237 334 4275 c.
346 4221 380 4275 14
400 4220 443 4275 die
466 4236 534 4275 neue
554 4220 727 4290 Olympiade,
747 4219 890 4275 wachreud
910 4218 983 4274 diosa
1001 4218 1178 4286 Eruthnung
1196 4216 1288 4271 besser
1305 4217 1375 4270 nach

199 4309 267 4364 cao
295 4310 429 4378 gahoeren
456 4309 582 4376 wuarde',
608 4309 705 4377 quibus
737 4307 827 4364 verbis
854 4309 966 4364 videtur
992 4306 1110 4362 indicare
1138 4304 1299 4374 olympiadis
1323 4305 1376 4360 140

198 4397 314 4468 primum
333 4414 435 4453 annum
452 4397 572 4467 incipero
590 4415 607 4453 a
625 4414 716 4454 meuse
735 4396 854 4452 Octobri.
