3266 5062
751 285 972 350 ..22-

275 461 528 551 καθηκόοτον
560 458 769 550 στρατηγὸς
801 459 923 551 ’ᾑρέθη
955 469 1156 549 Δωρίμοχος,
1190 483 1271 545 quae
1293 463 1455 532 infrasc-

275 575 393 638 cuntur
416 590 441 637 c.
466 570 553 650 dub
573 575 632 635 τοῦ
655 571 689 635 δὲ
712 576 868 654 χειμῶνος
892 570 942 638 ἔτι
964 577 1207 657 προβαίνοντος.

366 679 447 744 Nam
479 676 558 742 locis
596 676 707 742 allatis
739 676 840 772 hiems
867 677 940 759 ipsa
967 683 1232 744 commemoratur
1260 678 1353 746 brevi
1374 683 1457 761 post

277 785 457 852 condonem
480 785 682 850 Achaeorum
705 784 759 851 vel
781 783 983 863 Aetolorum,
1011 803 1110 865 quare
1133 785 1168 851 in
1190 790 1284 852 tanto
1307 786 1454 852 locorum

276 911 442 970 consensu,
465 889 542 971 quin
565 888 679 956 hiemis
700 888 828 955 initium
852 895 1012 974 congruat
1029 910 1099 958 cum
1118 890 1246 958 illarum
1265 891 1455 958 contionum

192 977 202 1004 ‘
277 1004 433 1081 tempore,
462 997 636 1080 diligenter
659 1015 725 1062 rem
749 996 962 1079 perpendenti
985 997 1115 1064 dubium
1139 1017 1210 1065 esse
1232 1017 1297 1065 non
1319 999 1455 1081 poterit.

366 1104 493 1189 Singuli
520 1089 622 1187 igitur
649 1102 873 1186 Olympiadum
901 1109 977 1170 anui
1004 1103 1038 1170 in
1070 1103 1262 1188 fragmentis
1290 1105 1456 1188 incipiunt

276 1233 297 1279 a
318 1211 477 1278 Kalendis
501 1209 709 1290 Octobribus,
737 1209 821 1290 quod
847 1208 932 1276 idem
955 1216 1082 1294 tempus
1105 1211 1279 1278 adhibetur
1301 1211 1336 1277 in
1357 1211 1455 1278 libris

163 1331 165 1334 ’
276 1318 416 1386 servatis
444 1319 565 1384 adres
593 1315 736 1383 Graecas
764 1317 901 1400 singulis
929 1317 1121 1400 olympiadis
1151 1317 1332 1384 lobannis
1355 1317 1453 1385 attri-

275 1427 429 1492 buendas

366 1533 431 1599 Sed
453 1530 612 1597 accedunt
639 1535 776 1596 externa
804 1530 919 1611 quibus
947 1532 1027 1598 haec
1055 1530 1219 1598 sententia
1242 1531 1455 1597 confirmatur

276 1644 476 1722 argumenta.
522 1639 605 1704 Nam
627 1637 733 1705 Livii
755 1637 943 1704 narratione
970 1657 988 1704 e
1011 1638 1145 1722 Polybio
1168 1638 1273 1721 petita
1294 1639 1372 1705 item
1396 1639 1455 1704 de-

276 1751 476 1812 monstratur
507 1745 651 1828 singulos
685 1745 899 1828 olympiadum
932 1763 1033 1810 annos
1061 1744 1204 1828 incipere
1235 1765 1256 1811 a
1292 1745 1456 1812 Kalendis

276 1853 345 1920 fere
368 1850 569 1918 Octobribus.
614 1850 712 1917 Cuius
735 1850 784 1916 rei
807 1850 973 1934 egregium
995 1850 1161 1919 invenitur
1188 1852 1375 1934 exemplum,
1394 1851 1456 1918 ubi

277 1957 468 2044 olympiadis
489 1960 551 2023 147
571 1956 690 2024 tertius
709 1976 812 2024 annus
831 1956 1045 2024 concluditur:
1065 1958 1105 2025 cf.
1118 1959 1305 2034 XXXVIII
1323 1960 1365 2024 27
1385 1963 1453 2024 ‘eos

273 2173 398 2239 tumui
430 2172 525 2259 erat)
557 2172 637 2239 locis
669 2171 786 2256 gelidis
813 2171 1056 2254 propinquitate
1083 2172 1185 2238 Tauri
1211 2171 1329 2238 montis
1358 2190 1455 2238 exce·

241 2365 242 2368 Ἴ
277 2281 354 2347 dere
389 2299 566 2362 properans
601 2279 756 2347 victorem
794 2278 969 2348 exercitum
1006 2278 1046 2344 in
1077 2278 1239 2345 hiberna
1268 2277 1455 2345 maritimae

276 2406 352 2453 orae
374 2386 523 2453 reduxit!

365 2495 449 2562 Nam
476 2490 621 2559 autumni
652 2489 844 2574 principium
877 2491 1050 2558 secundum
1082 2492 1219 2559 PlinIum
1228 2491 1252 2578 1)
1275 2491 1392 2559 incidit
1413 2491 1454 2558 in

276 2603 337 2669 III.
361 2603 409 2668 Id.
433 2601 530 2681 Sext,
553 2599 626 2665 finis
649 2597 684 2664 in
706 2599 768 2666 III.
791 2598 839 2664 Id.
862 2598 952 2678 Nou,
983 2598 1095 2679 itaque
1126 2599 1249 2665 medius
1277 2604 1455 2665 autumnus

277 2714 350 2776 erat
368 2713 517 2775 extremo·
529 2725 638 2773 mense
657 2704 846 2788 Septembri,
864 2706 925 2770 hoc
938 2704 1041 2789 igitur
1059 2711 1203 2788 tempore
1220 2705 1332 2772 finitur
1350 2706 1454 2788 olym·

276 2813 382 2898 piadis
406 2816 469 2879 147
493 2813 612 2881 tertius
634 2831 747 2880 annus.
808 2881 809 2886 ,

367 2920 429 3006 Qui
450 2920 535 2986 idem
557 2919 631 2986 finis
657 2919 721 2986 fuit
749 2918 940 3004 olympiadis
965 2919 1028 2984 145
1051 2918 1147 3002 primi
1170 2919 1246 2986 armi
1268 2919 1388 2986 XXXI
1404 2920 1452 2984 47

278 3030 350 3096 ‘iam
363 3027 549 3096 autumnale
563 3026 799 3108 aequinoctium
814 3027 960 3092 instabat
970 3064 1012 3072 -
1022 3045 1131 3108 regem
1148 3031 1269 3093 statum
1283 3026 1451 3093 initiorum

278 3135 418 3216 Cereris,
446 3138 484 3201 ut
515 3132 617 3201 sacris
644 3133 818 3200 interesset
845 3131 973 3212 tenuit’,
1001 3152 1075 3198 nam
1102 3133 1229 3199 seclusa
1257 3153 1351 3200 sacra
1373 3153 1452 3217 age·

276 3245 397 3310 bantur
433 3260 559 3308 mense
595 3239 819 3323 Septembri.
874 3242 921 3307 At
952 3239 1132 3323 Ungerus
1164 3240 1217 3307 hic
1249 3244 1345 3322 putat
1377 3260 1453 3307 esse

277 3349 483 3432 cogitandum
506 3367 571 3414 non
597 3347 638 3413 de
664 3346 734 3429 ipso
763 3347 840 3413 anni
862 3347 939 3428 fine,
962 3347 1019 3413 sed
1043 3345 1082 3411 de
1105 3345 1217 3430 magni
1238 3348 1389 3414 momenti
1411 3367 1452 3414 re

277 3462 432 3522 extrema.
478 3456 580 3540 Quam
608 3454 746 3521 maxime
774 3460 881 3520 autem
910 3454 978 3521 eius
1007 3451 1170 3519 sententia
1195 3452 1379 3521 infirmatur
1401 3474 1450 3521 se·
1509 3461 1514 3470 '

278 3563 449 3643 quentibus
473 3563 655 3629 ‘secundum
678 3561 773 3627 initia
796 3567 830 3627 et
856 3560 926 3644 ipse
952 3561 988 3626 iu
1009 3559 1123 3626 Asiam
1150 3579 1185 3626 se
1207 3560 1339 3644 recepit,
1362 3562 1451 3644 Age·

367 3792 387 3863 ¹)
405 3792 501 3848 XVIII
519 3793 571 3846 271
609 3792 669 3847 ¹III.
688 3791 732 3846 Id.
751 3791 921 3859 Augustas
949 3789 1057 3845 fidicula
1084 3807 1180 3845 occasu
1212 3807 1259 3845 suo
1288 3797 1451 3846 autumnum

276 3883 440 3951 indicetne
461 3882 485 3936 is
508 3880 627 3952 (Caesar)
652 3879 811 3945 adnotavit’,
841 3879 887 3934 ubi
909 3879 938 3933 in
961 3879 1083 3935 Caesaris
1105 3879 1212 3935 nomine
1235 3896 1288 3935 non
1307 3886 1349 3934 est
1367 3879 1450 3935 offen-

277 3969 402 4036 dendum,
421 3986 485 4024 nam
504 3987 564 4026 eum
583 3969 733 4025 Idelerus
751 3969 769 4024 1.
789 3985 810 4024 c.
830 3986 855 4038 p.
875 3969 928 4022 144
946 3970 1114 4024 demonstrat
1138 3974 1261 4024 secutum
1284 3985 1341 4024 esse
1359 3969 1401 4028 his
1420 3968 1450 4024 in

278 4057 480 4113 definitionibus
498 4058 664 4126 antiquiores
682 4073 800 4125 normas;
820 4058 917 4113 XVIII
930 4058 983 4112 313
998 4059 1067 4114 ‘dein
1086 4059 1138 4113 III.
1153 4059 1231 4114 Idus
1249 4058 1451 4114 Novembres

276 4145 411 4215 vergiliae
434 4147 784 4217 occiduut’;11125‘post
805 4145 833 4201 id
852 4146 1051 4215 aequinoctium
1074 4147 1168 4203 diebus
1190 4149 1248 4203 lere
1271 4152 1400 4215 quattuor
1419 4152 1451 4202 et

278 4235 462 4304 quadraginta
484 4235 660 4305 vergiliarum
686 4252 820 4290 occasus
846 4236 983 4292 hiemem
1010 4236 1159 4303 inchoat,
1187 4237 1258 4305 quod
1283 4242 1392 4302 tempus
1415 4223 1474 4314 in*

278 4324 330 4380 III.
349 4325 426 4378 Idus
444 4325 641 4380 Novembres
660 4324 779 4380 incidere
798 4325 954 4381 consuevit’.
