3266 5062
751 319 972 386 „20-

276 497 509 570 distribuendis
540 498 569 565 N
574 497 757 566 issenium
789 497 901 564 ducem
937 496 1113 579 sequimur,
1150 496 1206 578 qui
1241 499 1302 565 hac
1339 497 1380 565 de
1414 516 1454 564 re

278 604 487 691 sagacissime
509 603 672 672 disseruit.
679 604 704 690 1)

367 713 533 779 Habemus
556 712 618 779 duo
642 712 797 794 exempla.

364 817 567 902 Olympiadis
599 820 663 884 147
695 818 834 902 prImum
866 837 985 886 annum
1011 817 1088 886 inde
1115 817 1156 884 ab
1183 817 1288 886 hieme
1319 818 1454 887 ineunte

275 925 419 994 exordiri
442 945 459 993 e
477 925 545 992 XX
564 927 584 990 3
600 931 738 1009 apparet
755 921 914 1004 Ἀντιόχου
943 928 1163 1012 διατρίβοντος
1191 923 1227 992 έν
1249 931 1290 1013 τῇ
1312 927 1454 992 Χαλκίδι

274 1036 330 1099 καὶ
357 1038 427 1099 τοῦ
454 1038 641 1116 χειμῶνος
668 1039 962 1119 καταρχομένου
989 1039 1208 1118 παρεγένοντο
1240 1028 1322 1119 πρὸς
1350 1027 1453 1098 αὐτὸν

274 1145 484 1226 πρεσβευταί.
1460 1129 1464 1137 ’

363 1246 519 1312 Eiusdem
553 1245 745 1328 olympiadis
774 1252 910 1327 quartus
932 1265 1037 1313 annus
1059 1245 1175 1329 incipit
1201 1245 1286 1312 XXI
1299 1245 1343 1312 43
1366 1242 1452 1312 κατὰ

275 1350 350 1428 τοὺς
373 1348 504 1439 καιροδς
523 1350 658 1426 τούτους
681 1350 764 1419 κατὰ
784 1349 845 1440 τὴν
864 1349 965 1419 Ἀσίαν
985 1359 1108 1420 Γναίου
1126 1357 1186 1418 τοῦ
1205 1357 1270 1418 τῶν
1287 1348 1453 1436 Ῥωμαίων

275 1464 456 1548 στρατηγοῦ
487 1457 851 1544 παραχειμάζοντος
885 1458 921 1527 έν
956 1456 1086 1549 Ἐφέσῳ,
1128 1456 1212 1527 κατὰ
1248 1455 1307 1525 τόν
1342 1460 1452 1525 τελευ·

275 1578 369 1634 ταῖον
388 1562 540 1633 ένιαυτδν
558 1571 615 1653 τῆς
637 1563 855 1653 ὑποκειμένης
878 1562 1089 1650 ὀλυμπιάδος,
1112 1572 1331 1652 παρεγένοντο
1354 1585 1453 1652 πρεσ·

275 1681 362 1760 βεῑαι
388 1671 482 1759 παρά
509 1695 546 1739 τε
574 1678 639 1738 τῶν
657 1669 849 1762 Ἐλληνίδων
876 1670 1006 1740 πόλεων
1028 1680 1094 1740 τῶν
1117 1673 1175 1741 ἐπὶ
1197 1678 1254 1760 της
1276 1668 1373 1747 Ἀσίας
1395 1675 1453 1738 καί

274 1778 354 1867 παρ’
379 1781 497 1867 ἑτέρων
519 1778 695 1860 πλειόνων,
724 1780 780 1847 ubi
802 1784 918 1848 namot
939 1781 1094 1864 Polybius
1117 1780 1175 1847 On.
1197 1779 1355 1846 Manlium
1378 1798 1449 1846 curn

275 1887 455 1970 complures
482 1887 661 1970 legationes
688 1887 731 1953 ad
758 1906 830 1954 eum
857 1886 1038 1971 venissent,
1057 1887 1100 1954 ,in
1128 1885 1353 1968 Pamphyliam
1376 1906 1451 1969 pro·

274 1994 396 2062 fectum
420 2012 491 2060 esse
513 1999 571 2082 τῆς
594 1988 677 2080 δρας
695 1994 936 2083 παραδιδούσης
952 1995 1007 2063 vel
1024 2013 1102 2062 vere
1119 1993 1260 2060 ineunte.
1306 1992 1453 2076 Quartus

273 2100 377 2185 igitur
399 2099 592 2184 olympiadis
616 2101 678 2166 147
703 2120 874 2168 annus-
897 2120 971 2168 nam
993 2101 1175 2185 legationes
1197 2119 1348 2184 magnum
1371 2106 1452 2168 tem·

274 2227 334 2291 pus
352 2207 587 2290 consumpsisse
606 2212 657 2274 est
674 2207 939 2276 verisimillimum
957 2245 1001 2256 —
1019 2206 1135 2288 incipit
1153 2209 1194 2274 ab
1213 2207 1327 2274 hiemiS
1346 2206 1450 2274 initio.

363 2314 417 2379 Ex
439 2313 491 2380 his
514 2313 668 2397 exemplis
690 2314 800 2382 allatis
822 2314 858 2380 ln
875 2313 1005 2398 Polybii
1021 2313 1215 2398 fragmentis
1233 2313 1449 2398 olympiadum

275 2439 376 2488 annos
399 2425 539 2503 apparet
561 2420 704 2503 incipere
726 2421 768 2486 ab
791 2420 895 2488 hieme
916 2421 1058 2488 ineunte.

364 2527 427 2595 Sed
447 2527 623 2609 quaeritur,
643 2527 727 2608 quod
745 2527 789 2594 sit
806 2525 921 2594 hiemis
938 2525 1067 2594 initium
1081 2529 1256 2595 secundum
1270 2527 1451 2612 Polybium.

362 2635 434 2701 Hoc
456 2653 520 2700 non
542 2634 577 2700 in
599 2635 744 2700 brumam
766 2632 920 2700 incidisse
942 2635 1183 2701 demonstratur
1203 2638 1337 2716 praeter
1358 2634 1449 2701 illum

275 2743 315 2808 de
334 2760 396 2822 quo
415 2740 554 2807 diximus
572 2741 675 2807 locum
695 2739 814 2806 XVIII
832 2740 1034 2821 43‚3verbis
1052 2741 1101 2808 IV
1116 2742 1198 2822 out
1219 2747 1288 2806 τοῦ
1311 2742 1349 2807 δὲ
1372 2763 1451 2820 χει·

274 2854 398 2933 μῶνος
422 2847 481 2914 ἔτι
507 2852 795 2934 προβαίνοντος
815 2877 862 2896 »-
884 2853 1029 2936 προῆγεν
1056 2843 1124 2914 ἀπὸ
1150 2853 1296 2934 Λαρίσης
1328 2849 1382 2912 καὶ
1405 2883 1449 2894 -

274 2943 333 3045 ἧκε
356 2951 409 3021 διὰ
433 2961 490 3042 τῆς
512 2959 672 3027 Βοιωτίας
699 2957 754 3020 καὶ
776 2957 961 3041 Μεγαρίδος
989 2954 1035 3029 εἷς
1058 2953 1225 3042 Κόρινθον
1251 2955 1344 3040 περὶ
1366 2978 1452 3039 τρο-

273 3059 349 3135 πδς
385 3057 621 3146 χειμερινάς.
679 3061 779 3127 Immo
814 3061 944 3128 initium
980 3060 1148 3142 aliquanto
1185 3066 1262 3127 aute
1293 3060 1451 3127 cecidisse

274 3167 477 3236 concluditur
496 3167 640 3247 evoti
661 3163 813 3248 Ἀντίοχος
831 3205 875 3216 —-
894 3166 1047 3242 διανύσας
1065 3167 1111 3241 εἷς
1123 3163 1317 3248 Ἀντιόχειαν
1334 3164 1394 3254 τὴν
1413 3165 1452 3233 έν

273 3278 444 3361 Μυγδονίηι
470 3277 563 3361 περὶ
590 3269 736 3358 τροπὰς
764 3271 988 3362 χειμερινὰς
1016 3273 1170 3358 ἐπέμεινε
1199 3275 1307 3341 θέλων
1335 3269 1453 3339 ἅποδέ·

274 3387 397 3458 ξασθαι
424 3377 485 3468 τὴν
513 3377 680 3468 ἐπιφορὰν
712 3384 776 3446 καὶ
807 3379 878 3469 την
912 3377 1039 3468 ἀκμὴν
1066 3387 1135 3446 τοῦ
1162 3387 1364 3465 χειμῶνος,
1393 3379 1449 3446 ubi

274 3491 388 3554 bruma
409 3486 525 3554 hiemis
548 3484 637 3575 ἀκμὴ
660 3493 805 3556 vocatur.
1319 3541 1322 3548 .

363 3595 475 3661 Monet
497 3593 708 3682 Ungerusr)
731 3594 867 3662 hiemem
885 3594 1014 3676 Polybii
1030 3593 1174 3677 incipere
1192 3613 1213 3660 a
1230 3593 1449 3678 Vergiliarum

275 3721 398 3781 occasu,
422 3705 502 3782 quas
525 3701 679 3768 Plinius
703 3700 848 3788 (11125)
876 3701 971 3766 docet
995 3700 1144 3768 occidere
1171 3705 1249 3767 ante
1277 3700 1361 3768 diem
1383 3704 1451 3764 ter·

274 3809 353 3876 tium
378 3807 425 3874 Id.
449 3808 530 3875 Nou.
554 3807 646 3891 Quod
668 3808 860 3891 principium
884 3826 925 3872 ex
948 3806 1134 3893 Ideler0⁸)
1158 3807 1309 3874 discimus
1332 3805 1365 3871 in
1388 3823 1451 3871 usu

273 3915 374 3984 fuisse
396 3915 484 3997 apud
505 3918 644 3995 veteres,
666 3914 724 3982 sed
746 3915 831 3982 idem
854 3934 874 3980 a
896 3914 1033 4000 Polybio
1061 3912 1240 3981 adhibitum
1263 3931 1335 3980 esse
1358 3915 1451 3977 certo

273 4042 338 4089 non
356 4026 465 4105 potest
484 4020 709 4088 demonstrari.
737 4021 908 4090 Invenitur
922 4021 1049 4103 quidem
1068 4021 1157 4087 locus
1176 4019 1393 4105 ΙΠ54,1τῆς
1413 4018 1450 4082 δὲ

364 4199 383 4267 ¹)
402 4199 471 4253 Mus.
490 4198 577 4252 Rhen.
596 4198 689 4254 XXVI
707 4215 732 4266 p.
752 4198 805 4253 259
824 4215 862 4266 sq.

362 4287 383 4356 ²)
402 4287 467 4354 phil.
485 4286 607 4341 XXXIII
624 4303 651 4355 p.
670 4287 731 4342 238.

363 4376 383 4446 ³)
402 4375 513 4431 Ηαιιδδ.
531 4375 557 4431 δ.
577 4375 698 4431 Odronol.
717 4376 732 4430 Ι
749 4393 775 4444 p.
795 4377 855 4431 241.
