3266 5062
714 335 914 442 ...7-

317 521 319 528 ’
384 508 514 576 41145
693 509 741 578 11.
765 510 854 588 Sext.
891 513 895 518 “
989 513 1051 580 ΙΠ.
1074 514 1122 581 11.
1145 515 1233 598 Sept.

209 604 212 611 ’
275 633 278 639 ·
386 616 515 682 41146
609 615 666 684 IV.
689 614 763 684 Kal.
787 617 874 701 Sept.
996 619 1051 686 VI.
1074 621 1147 688 Kal.
1171 622 1241 689 041.

385 724 425 790 ol.
452 723 514 786 147
538 721 663 791 XVIII.
687 724 760 791 Kal.
784 723 872 807 Sept.
1060 726 1122 794 .Id.
1146 727 1232 812 Sept.

385 831 424 904 cl.
451 828 514 894 148
604 831 665 898 ΙΠ.
688 832 761 898 Κ41.
785 830 872 914 Sept.
993 832 1051 901 IV.
1074 835 1147 902 Kal.
1170 837 1242 903 Oct.

385 938 425 1004 ol.
451 939 514 1004 149
556 937 665 1004 XVII.
687 939 761 1005 Kal.
785 938 872 1020 Sept.
924 939 1050 1007 XVIII.
1073 941 1146 1008 Kal.
1171 941 1242 1010 Oct.

314 1063 396 1128 Illae
422 1062 527 1146 igitur
554 1082 633 1144 quas
661 1062 816 1144 Polybius
849 1063 1073 1145 complectitur
1104 1065 1139 1131 in
1169 1069 1267 1133 rebus
1299 1070 1404 1152 gestis

226 1169 417 1237 enarrandis
449 1169 648 1254 olympiades
681 1188 701 1234 a
734 1168 846 1234 diebus
878 1187 977 1252 supra
1009 1172 1140 1254 scriptis
1171 1173 1331 1256 Incipiunt
1362 1195 1404 1242 ex

227 1276 442 1344 astronomica
466 1275 673 1359 computandi
696 1275 832 1342 ratione.

314 1383 401 1459 Utra
423 1402 500 1451 vero
524 1382 647 1448 dierum
672 1382 773 1448 series
801 1384 1039 1450 commendetur
1061 1385 1190 1469 Polybii
1216 1388 1403 1454 narratione

225 1489 421 1573 significavit
443 1489 551 1571 potius
575 1507 670 1569 quam
694 1489 844 1571 exposuit
867 1490 919 1557 vir
941 1491 1230 1572 praeclarissimus,
1250 1513 1321 1560 cum
1340 1496 1403 1561 duo

183 1679 187 1687 ⁸
224 1602 352 1664 tantum
375 1595 550 1678 protulerit
573 1596 728 1678 exempla,
752 1614 794 1661 ex
817 1596 932 1676 quibus
955 1598 1166 1679 posteriorem
1191 1600 1306 1666 seriem
1330 1619 1403 1667 con-

225 1705 337 1773 venire
360 1722 431 1769 cum
453 1702 583 1785 Polybii
605 1707 784 1785 temporum
808 1702 936 1770 ratione
959 1704 1110 1772 videatur
1132 1726 1299 1788 apparere.

315 1811 406 1894 Quae
433 1827 503 1874 cum
531 1808 579 1874 ita
607 1807 682 1886 sint,
705 1809 812 1875 nescio
837 1827 880 1875 an
902 1829 967 1876 non
989 1809 1105 1877 inutile
1128 1812 1173 1878 sit
1200 1811 1234 1877 in
1257 1814 1340 1879 hanc
1363 1813 1405 1880 de

224 1917 353 2000 Polybii
381 1916 598 2000 olympiadum
624 1915 753 1982 ratione
781 1916 999 1996 quaestionem
1032 1917 1096 1983 iam
1124 1918 1253 2000 saepius
1280 1923 1403 1986 tracta·

224 2032 291 2092 tam
324 2025 427 2091 denuo
455 2022 633 2103 inquirere,
665 2021 714 2088 ita
741 2028 779 2088 ut
806 2023 952 2089 omnibus
980 2023 1036 2089 ubi
1058 2043 1079 2089 a
1106 2024 1242 2106 Polybio
1270 2044 1403 2092 comme·

225 2137 392 2197 morantur
414 2129 613 2214 olympIades
636 2129 717 2195 locis
748 2130 877 2195 44114114
904 2135 1002 2210 atque
1026 2130 1231 2211 exaquatis,
1255 2135 1404 2212 quemad·

225 2239 352 2303 modum
379 2236 428 2302 1111
456 2235 525 2302 dies
552 2234 768 2302 astronomica
796 2235 1035 2318 computatione
1069 2235 1193 2302 definiti
1221 2245 1405 2320 congruant

226 2364 296 2411 cum
319 2342 518 2425 temporibus
541 2361 561 2408 a
583 2341 720 2425 PolybIo
744 2341 938 2426 significatis
962 2361 1166 2425 exponamus.

313 2449 377 2517 Sed
400 2449 497 2518 valde
520 2449 700 2529 dolendum,
724 2450 809 2529 quod
831 2450 919 2537 haud
942 2467 1090 2532 maguam
1119 2449 1194 2515 huic
1222 2451 1405 2532 quaestioni

223 2557 391 2624 materiem
428 2555 618 2638 suppeditat
649 2554 818 2638 Polybius,
852 2575 916 2637 qua
951 2555 1024 2639 ipsa
1064 2555 1245 2640 exiguitate
1272 2557 1405 2625 videtur

223 2665 344 2730 factum
372 2680 457 2743 esse,
490 2668 618 2729 utnon
645 2661 805 2728 inunum
834 2669 950 2728 coeant
972 2662 1115 2731 virorum
1142 2663 1308 2729 doctorum
1332 2683 1402 2730 sen·

224 2771 355 2842 tentiae.
401 2770 514 2850 Neque
542 2768 626 2834 enim
652 2769 779 2835 faciunt
801 2769 950 2849 multum,
974 2788 1057 2850 quae
1084 2769 1119 2834 in
1140 2768 1334 2852 fragmentis
1356 2771 1404 2836 le-

225 2882 355 2960 guntur.
391 2876 421 2941 E
445 2873 586 2942 servatIs
610 2880 718 2941 autem
737 2876 830 2941 libris
849 2876 911 2942 III.
930 2876 986 2942 IV.
1004 2876 1043 2943 V.
1063 2876 1123 2943 soli
1141 2876 1264 2957 aliquid
1281 2877 1404 2958 valent,

226 2984 309 3064 quod
336 2982 549 3066 olympiadem
575 2982 640 3046 140
667 2983 849 3061 continent,
881 2983 966 3049 unde
997 2983 1134 3049 multum
1165 2985 1270 3049 bonae
1295 2983 1403 3067 frugis

223 3091 392 3156 redundat.
439 3088 543 3155 UnIus
561 3092 690 3155 tantum
709 3087 902 3171 olympiadis
921 3090 1251 3156 commemoratIonem
1270 3089 1404 3156 exhibet

223 3197 345 3280 primus
367 3195 458 3275 liber,
482 3214 522 3261 ex
546 3214 609 3276 qua
632 3195 701 3261 sola
724 3195 805 3261 nihil
829 3195 983 3279 colligere
1004 3195 1090 3262 licet.
1135 3197 1246 3277 Neque
1269 3197 1403 3263 secundi

213 3303 299 3369 libri
313 3299 543 3384 4.41,1.111);
563 3320 587 3367 c.
600 3303 682 3378 76,6
702 3301 876 3383 quidquam
892 3307 1072 3384 praestant,
1086 3302 1171 3368 unde
1184 3302 1306 3383 aliquid
1319 3303 1403 3369 lucri

224 3411 331 3477 facere
353 3406 522 3492 possimus.

313 3515 550 3581 Proficiscimur
600 3513 703 3597 igitur
753 3515 788 3580 in
839 3514 968 3598 Polybii
1018 3514 1234 3597 olympiadum
1275 3515 1403 3582 ratione

224 3622 423 3688 enucleanda
445 3641 466 3687 a
487 3622 586 3687 tertio
610 3621 707 3702 libro,
736 3623 827 3687 cuius
854 3620 1075 3687 narrationem
1103 3620 1259 3704 Polybius
1286 3622 1404 3705 incipit

224 3730 265 3794 ab
288 3748 372 3795 anno
396 3728 461 3793 533
486 3747 515 3793 u.
540 3748 566 3794 c.

312 3835 394 3900 Nam
426 3835 513 3901 haud
544 3834 656 3917 paucis
689 3854 788 3917 supra
820 3834 1006 3917 praemissis
1038 3834 1085 3900 sic
1115 3835 1227 3917 pergit
1259 3835 1402 3916 c.13,5

224 3937 360 4027 Ἀννίβας
388 3943 421 4007 δὲ
449 3937 651 4028 παραλαβών
679 3937 741 4028 τὴν
769 3937 873 4028 ἀρχὴν
906 3937 1030 4015 εὐθέως
1058 3936 1208 4028 ὥρμησεν
1236 3937 1277 4014 ὥς
1303 3964 1400 4007 κατα·

225 4047 447 4135 στρεφόμενος
473 4045 511 4113 τὸ
538 4053 603 4114 τῶν
630 4044 792 4114 Ὀλκάδων
816 4047 927 4127 ἔθνος,
951 4067 1034 4129 quae
1056 4048 1157 4115 verba
1179 4065 1243 4112 non
1266 4052 1403 4129 possunt

223 4153 339 4221 referri
362 4155 406 4221 ad
427 4173 546 4220 annum
570 4154 634 4220 534
659 4174 688 4220 u.
712 4172 737 4219 c.
784 4154 900 4234 Itaque
920 4153 1052 4221 mirifice
1075 4154 1185 4236 lapsus
1209 4152 1402 4219 4411111414

314 4367 334 4437 ¹)
353 4365 459 4422 numeri
477 4366 600 4421 indicant
617 4365 818 4422 Hultschianae
837 4365 964 4422 editionis
984 4365 1106 4434 singulas
1125 4365 1320 4434 paragraphos.
