3266 5062
675 360 896 423 ..41-

199 541 270 626 Qua
289 539 429 608 victoria
446 539 552 605 relata
569 539 613 604 li.
631 536 754 604 Atilius
772 537 811 604 L.
823 537 965 604 Manlius
984 556 1064 604 coss.
1083 539 1372 622 transgrediuntur

198 649 232 714 11
251 647 405 726 Africam,
420 646 505 712 unde
526 645 617 712 iussu
640 649 773 711 senatus
791 644 829 712 L.
848 643 990 711 Manlius
1007 643 1093 711 redit
1111 645 1244 718 Romam
1263 665 1372 712 mense

200 752 384 824 Novembri.
429 751 527 818 Haud
550 751 650 817 multo
678 755 753 834 post
775 751 819 817 M.
842 750 964 817 Atilius
988 771 1059 818 cum
1082 750 1371 836 Carthaginienses

199 861 406 945 cognovisset
436 858 499 924 iam
528 859 701 941 desperare
729 857 769 924 de
796 857 893 924 rebus
920 857 1001 940 suis,
1032 857 1122 925 misit
1148 859 1190 925 ad
1218 878 1284 940 eos,
1317 858 1372 940 qui

199 987 311 1051 pacem
334 965 508 1044 deferrent,
531 965 616 1046 quod
637 965 756 1032 bellum
779 981 973 1049 componere
992 964 1157 1046 studebat,
1185 964 1371 1048 priusquam

200 1074 370 1142 adveniret
392 1090 559 1139 successor
582 1070 733 1158 (c.31,4).

289 1181 380 1265 Quae
410 1197 503 1246 nemo
533 1197 598 1245 non
629 1177 721 1247 videt
752 1177 842 1244 facta
869 1195 941 1244 1111
968 1197 1052 1244 anno
1081 1178 1243 1245 consulari
1269 1178 1371 1246 ferme

200 1293 323 1354 exacto.

287 1393 351 1462 Sed
369 1392 459 1477 pacis
469 1390 673 1459 condiciones
683 1409 748 1457 non
767 1396 996 1471 convenerunt,
1007 1391 1092 1472 quod
1110 1391 1257 1459 1111111111
1277 1398 1372 1458 erant

199 1520 294 1582 quam
312 1518 392 1582 quas
410 1504 544 1583 possent
562 1497 710 1581 accipere
724 1496 1020 1582 Carthaginienses.
1053 1497 1248 1564 Gratissima
1263 1504 1371 1565 autem

197 1606 349 1674 fortunae
371 1605 525 1673 beneficio
549 1603 597 1671 eis
620 1603 769 1688 contigit,
791 1610 829 1670 ut
847 1604 1010 1690 Romanos
1032 1605 1128 1686 paulo
1146 1609 1222 1688 post
1239 1623 1371 1688 prorsus

198 1714 375 1782 uincerent.
420 1712 503 1778 Nam
531 1710 818 1796 Carthaginienses
850 1711 1037 1778 detulerant
1064 1730 1218 1778 summam
1245 1711 1372 1795 imperii

199 1821 241 1888 ad
263 1817 485 1902 Xanthippum
514 1816 817 1898 Lacedaemonium,
844 1836 937 1898 quem
965 1816 1161 1910 conquisitor
1188 1837 1206 1884 e
1230 1816 1372 1884 Graecia

199 1928 388 1993 adduxerat.
426 1925 532 1992 Huius
554 1924 708 2009 auspiciis
731 1929 826 1992 tanta
848 1924 938 1991 facta
961 1929 1138 1991 1111111111
1156 1924 1370 2003 commutatio,

198 2040 236 2100 ut
271 2052 335 2100 non
368 2033 471 2098 solum
504 2032 643 2098 Romani
673 2031 894 2124 vincerentur,
926 2050 1038 2099 verum
1070 2031 1166 2097 etiam
1199 2034 1371 2114 caperetur

199 2159 308 2206 eorum
332 2139 451 2205 consul.

288 2245 353 2313 Sed
371 2249 408 2311 ut
425 2243 540 2310 melius
553 2243 780 2328 perspiciatur,
799 2263 863 2326 qua
875 2244 1003 2311 ratione
1019 2242 1174 2329 Polybius
1187 2243 1370 2312 consentiat

199 2372 270 2420 cum
293 2353 411 2419 ceteris
433 2371 540 2420 rerum
564 2351 776 2434 scriptoribus
798 2351 981 2418 narrationi
998 2349 1077 2416 mihi
1094 2351 1266 2418 inserenda
1283 2356 1370 2440 sunt,

200 2479 282 2542 quae
304 2459 359 2526 ille
382 2457 508 2542 profert
530 2459 573 2524 ad
596 2458 699 2526 cladis
721 2464 849 2541 tempus
872 2457 1058 2525 accuratius
1081 2457 1303 2526 definiendum.

287 2566 337 2633 Ac
351 2564 576 2649 Xanthippum
594 2565 722 2646 quidem
741 2565 850 2633 eodem
868 2563 937 2632 fere
955 2568 1110 2648 tempore,
1128 2583 1190 2646 quo
1209 2566 1370 2649 agebatur

200 2673 239 2738 de
267 2672 357 2756 pacis
386 2672 635 2752 condicionibus,
662 2672 834 2740 aduenisse
856 2671 996 2755 scriptor
1018 2671 1087 2755 ipse
1111 2670 1191 2737 dicit
1214 2670 1368 2757 (1.32,1).

200 2778 264 2863 Qui
298 2784 470 2862 postquam
505 2778 596 2844 illum
631 2778 781 2846 narravit
816 2777 1022 2862 perspexisse
1054 2777 1368 2860 Carthaginiensium

200 2884 418 2952 condicionem
454 2885 629 2967 amicisque
665 2884 832 2968 aperuisse
866 2904 978 2952 veram
1010 2884 1207 2953 calamitatis
1239 2903 1369 2951 causam

200 2991 247 3057 sic
273 2991 382 3076 pergit
410 2988 784 3073 1.32,311χύδὲδιὰ
811 2987 872 3079 τὴν
898 2997 1089 3077 περίστασιν
1116 2997 1182 3058 τῶν
1204 2997 1264 3058 τοῦ
1286 2991 1368 3063 Ξαν-

199 3103 332 3166 θίππου
356 3097 460 3182 λόγων
483 3101 703 3165 διαδοθέντωα
726 3098 772 3172 εἰς
794 3094 836 3164 τὰ
854 3096 971 3185 πλήθη
994 3101 1048 3163 καὶ
1070 3095 1145 3172 τοὺς
1163 3095 1367 3186 στρατηγοὺς,

199 3205 341 3287 ἔγνωσαν
355 3206 387 3271 οἱ
398 3211 601 3291 προεστῶτες
615 3203 854 3274 ἀνακαλεῖσθαι
868 3207 923 3270 καὶ
934 3214 1055 3292 πεῖραν
1065 3201 1169 3271 αὐτοῦ
1178 3203 1368 3289 λαμβάνειν.

287 3332 314 3378 1.
327 3315 415 3393 32,5
444 3313 475 3379 οἱ
501 3313 536 3380 δὲ
564 3316 736 3400 στρατηγοὶ
763 3311 938 3396 δεξάμενοι
959 3307 1001 3377 τὰ
1029 3309 1189 3406 λεγόμενα
1211 3314 1266 3377 καὶ
1297 3334 1367 3376 πει-

200 3423 333 3492 σθέντες
356 3416 444 3508 αὐτῷ
467 3425 708 3507 παραχρῆμα
732 3417 789 3493 τὰς
810 3417 966 3503 δυνάμεις
989 3417 1198 3505 ἐνεχείρισαν.

287 3525 410 3591 11111111
438 3532 545 3592 autem
568 3525 655 3609 ipsos
678 3529 770 3592 tanto
793 3531 908 3592 narrat
934 3524 1148 3592 inflammatos
1178 3525 1279 3592 iuisse
1311 3546 1369 3608 pu·

199 3631 320 3715 gnandi
343 3632 467 3710 ardore,
499 3637 666 3713 utquam
699 3630 900 3699 celerrime
932 3631 1086 3715 congredi
1118 3650 1188 3698 cum
1220 3631 1367 3700 hostibus

200 3739 430 3806 contenderent
452 3735 563 3822 (132,
587 3741 605 3804 7
631 3734 711 3806 ὥστε
734 3735 821 3823 μετὰ
839 3745 978 3826 κραυγῆς
996 3737 1275 3826 ἐπισημαίνεσθαι
1293 3737 1368 3813 τοὺς

199 3843 339 3918 πολλοὺς
370 3847 425 3910 καὶ
457 3841 611 3910 σπεύδειν
643 3842 684 3919 ὥς
711 3843 848 3926 τάχιστα
876 3845 1055 3931 συμβαλεῖν
1081 3857 1148 3920 τοῖς
1175 3846 1367 3933 πολεμίοις).

200 3948 485 4035 Carthaginienses
506 3949 610 4033 igitur
633 3952 744 4034 paucis
772 3953 884 4020 diebus
906 3957 982 4035 post
1004 3950 1140 4037 (c.32,8
1163 3948 1237 4036 μετ’
1261 3949 1368 4034 ὀλίγας

201 4052 331 4144 ἡμέρας)
361 4062 470 4124 castra
496 4056 635 4126 movisse
667 4076 737 4125 cum
764 4059 799 4125 in
827 4065 1032 4142 conspectum
1059 4058 1223 4127 venissent
1250 4059 1367 4126 Roma·

199 4181 311 4229 norum
352 4168 386 4230 et
425 4183 480 4230 eos
512 4165 650 4231 secundo
692 4162 758 4230 die
784 4185 894 4250 pugna
929 4165 1047 4234 vicisse
1083 4164 1219 4251 (c.33,3
1260 4173 1301 4254 τῇ
1333 4167 1367 4234 δὲ

199 4266 427 4356 candaridas).

287 4376 398 4458 Neque
420 4381 528 4444 111111
552 4378 802 4446 concludendum
821 4385 872 4447 est
889 4398 1008 4463 paucos
1025 4383 1152 4446 tantum
1175 4378 1244 4446 dies
1267 4379 1367 4447 inter·
