3266 5062
747 299 968 366 -18-

272 478 357 559 quod
390 478 491 544 multa
522 479 604 558 quae
631 476 801 559 plurimum
834 477 982 545 valerent
1009 478 1051 543 ad
1077 482 1203 560 tempus
1231 477 1444 546 deliniendum

271 583 412 650 fortasse
452 582 693 666 praeterierunt
737 601 775 648 ac
812 581 1014 665 reliquerunt
1050 584 1286 666 epitomatores
1332 585 1443 666 Neque

272 690 356 757 enim
383 690 500 758 scimus
528 707 611 770 quae
639 694 716 756 ante
742 689 880 772 primum
908 691 993 772 quod
1015 691 1057 758 ad
1080 691 1292 775 olympiadem
1316 695 1444 773 spectat

271 802 458 886 excerptum
494 815 579 864 nune
621 796 745 874 desint,
787 802 821 864 et
862 797 949 879 ipsos
990 796 1197 864 Constantini
1237 802 1443 879 excerptores

271 903 475 971 Nissenius
488 903 662 969 luculentis
676 902 831 986 exemplis
845 902 1106 989 demonstravitl)
1121 909 1155 970 et
1173 903 1266 971 initio
1281 903 1362 970 etin
1379 903 1442 970 line

271 1009 417 1076 consulto
440 1009 569 1092 Polybii
591 1009 693 1077 verba
715 1009 890 1076 mutilasse.

359 1116 409 1182 Ac
430 1116 567 1200 primum
591 1115 718 1196 quidem
741 1115 843 1182 dicam
864 1117 904 1184 de
924 1118 962 1183 ol,
975 1118 1081 1197 144‚4
1102 1115 1205 1196 initio,
1228 1116 1281 1183 cni
1298 1116 1442 1202 tribuit2)

269 1222 476 1290 Nissenius
507 1223 588 1288 haec
614 1222 743 1305 Polybii
765 1225 867 1291 verba
893 1223 975 1290 XVI
990 1223 1033 1288 24
1063 1225 1229 1296 Φίλιππος
1257 1219 1442 1308 ὁβασιλεδς

269 1335 338 1395 τοῦ
358 1335 546 1414 χειμῶνος
560 1326 630 1417 ἤδη
645 1337 945 1416 καταρχομένου,
960 1326 1039 1396 καθ’
1055 1326 1092 1395 ὃν
1111 1328 1256 1403 Πόπλιος
1269 1332 1440 1404 Σολπίκιος

269 1431 393 1511 ὕπατος
417 1434 605 1525 κατεστάθη
629 1435 664 1503 έν
682 1432 796 1525 Ῥώμῃ,
819 1435 1016 1519 ποιούμενος
1039 1435 1099 1524 τὴν
1123 1433 1292 1523 διατριβὴν
1316 1436 1352 1504 έν
1376 1447 1438 1510 τοῖς

268 1546 468 1630 Βαργυλίοις.

358 1648 560 1733 Olympiadis
591 1651 654 1715 144
682 1650 785 1734 Igitur
812 1656 963 1731 quartum
990 1669 1106 1718 annum
1135 1655 1273 1733 apparet
1299 1650 1442 1732 incipere

268 1757 310 1823 ab
333 1756 437 1823 hieme
455 1756 596 1838 ineunte,
615 1759 700 1840 quod
718 1758 760 1823 ad
778 1764 904 1840 tempus
921 1758 1002 1823 bene
1021 1756 1218 1825 conveniunt
1236 1759 1337 1825 verba
1354 1756 1442 1822 iufra

268 1861 393 1945 scrinia
418 1874 484 1937 τοῖς
507 1862 591 1930 κατὰ
610 1860 671 1951 τὴν
685 1867 897 1931 Μακεδονίαν
914 1862 1085 1950 πράγμασι
1098 1867 1278 1930 διαπιστῶν
1292 1860 1441 1948 οὐδαμῶς

269 1967 423 2055 ἐβούλετο
446 1969 705 2057 παραχειμάζειν
728 1967 812 2036 κατὰ
835 1966 896 2057 τὴν
917 1966 1039 2037 Ἀσίαν.

358 2076 450 2160 Quod
468 2083 693 2160 argumentum
712 2096 749 2143 eo
768 2096 832 2143 non
845 2082 954 2160 potest
967 2077 1168 2158 labefactari,
1188 2078 1272 2159 quod
1285 2075 1441 2160 Polybius

266 2181 314 2249 ibi
328 2189 553 2251 commemorat
572 2184 712 2252 consulis
728 2184 932 2252 creationem.
955 2184 1038 2250 Nam
1057 2184 1194 2266 quitum
1213 2184 1440 2268 magistratum

266 2288 411 2355 inierunt
433 2290 545 2357 Idibus
568 2290 698 2357 Martiis
721 2292 868 2358 consules
887 2290 1154 2358 Mommsenius
1173 2290 1294 2375 docet⁸)
1312 2293 1440 2356 creatos

267 2413 340 2465 esse
367 2415 476 2462 mense
498 2397 660 2463 Ianuario.
705 2398 820 2462 Annus
848 2401 955 2463 autem
983 2397 1147 2465 Romanus
1174 2402 1211 2463 ut
1237 2395 1324 2463 inira
1352 2394 1438 2462 vide·

265 2501 372 2568 bimus
404 2507 472 2568 tum
500 2503 660 2570 naturaliS
689 2502 767 2570 anni
793 2503 990 2586 temporibus
1018 2503 1194 2571 antecessit
1221 2504 1344 2569 duobus
1371 2501 1439 2568 fere

265 2609 320 2678 vel
341 2610 446 2677 tribus
469 2609 640 2676 mensibus.

353 2716 452 2783 Initio
480 2717 645 2797 ol.145‚4
672 2718 839 2799 ponendae
872 2720 948 2793 sunt
974 2716 1037 2782 hae
1068 2734 1121 2782 res
1149 2715 1296 2782 Graecae
1323 2714 1440 2782 XVIII

264 2823 417 2904 43,1—3
436 2819 519 2888 κατὰ
538 2820 599 2910 τὴν
616 2820 752 2891 Ἑλλάδα
771 2821 857 2906 μετὰ
875 2818 936 2910 τὴν
949 2821 1059 2912 μα’χην
1076 2829 1177 2888 Τίτου
1196 2818 1440 2908 παραχειμά-

266 2929 397 3003 ζοντος
420 2927 456 2996 ἐν
474 2925 629 3016 Ἐλατείᾳ,
652 2933 801 3008 Βοιωτοὶ,
825 2927 1059 3003 σπουδάζοντες
1078 2925 1342 3012 ἀνακομίσασθαι
1365 2925 1441 3002 τούς

266 3032 384 3122 ἀνδρας
411 3032 486 3108 τούς
513 3032 593 3120 παρ’
618 3032 727 3103 αὐτῶν
750 3042 1049 3121 στρατευσαμένους
1076 3031 1167 3122 παρὰ
1196 3042 1241 3100 τῶ
1273 3037 1440 3122 Φιλίππῳ,

264 3141 537 3228 διεπρεσβεύοντο
565 3144 724 3229 περὶτῆς
751 3137 930 3226 ἀσφαλείας
956 3138 1065 3207 αὐτῶν
1099 3138 1180 3228 πρὸς
1212 3149 1321 3208 Τίτον.
1359 3138 1377 3206 ὅ
1405 3145 1441 3208 δὲ

264 3246 463 3333 βουλόμενος
495 3247 705 3314 ἐκκαλεῖσθαι
741 3245 816 3322 τούς
846 3244 1011 3322 Βοιωτοὺς
1046 3245 1129 3335 πρὸς
1175 3248 1235 3336 τὴν
1277 3255 1441 3336 σφετέραν

266 3352 399 3420 εὔνοιαν
422 3350 476 3421 διὰ
499 3351 537 3421 τὸ
563 3359 774 3441 προορᾶσθαι
791 3353 850 3421 τὸν
868 3351 1025 3436 Ἀντίοχον
1049 3356 1185 3438 ἑτοίμως
1207 3353 1439 3443 συνεχώρησεν.

354 3458 436 3542 ταχά
464 3464 498 3529 δὲ
521 3461 656 3530 πάντων
679 3459 968 3547 ἀνακομισθέντων
1000 3460 1036 3528 ἐκ
1059 3467 1116 3549 τῆς
1147 3465 1369 3544 Μακεδονίας,
1403 3461 1440 3530 ἒν

265 3557 313 3641 οἷς
351 3556 392 3655 ἦν
428 3572 482 3634 καὶ
513 3568 711 3657 Βραχύλλης,
743 3575 884 3634 τοῦτον
915 3570 987 3652 μὲν
1020 3564 1165 3642 εὐθέως
1196 3567 1438 3656 βοιωτάρχην
1507 3639 1508 3645 1

263 3680 516 3761 κατέστησαν,
544 3676 778 3763 παραπλησίως
801 3677 835 3742 δέ
858 3678 913 3741 καὶ
935 3672 1010 3749 τούς
1029 3673 1145 3750 ἀλλους
1167 3673 1242 3749 τοὺς
1266 3679 1436 3744 δοκοῦντας

264 3775 352 3847 εἶναι
384 3781 498 3865 φίλους
528 3786 585 3869 τῆς
612 3779 812 3848 Μακεδόνων
842 3781 943 3854 οἰκίας
976 3781 1096 3867 ἐτίμων
1123 3786 1178 3848 καὶ
1205 3788 1348 3870 προῆγον
1376 3773 1436 3858 οάχ

264 3874 364 3976 ἧττον
388 3880 408 3973 ἢ
431 3885 603 3974 πρότερον.
802 3968 806 3974 .

357 3993 448 4078 Quae
474 3993 696 4060 Boeotarchae
730 3994 852 4060 erectio
880 3995 1056 4061 Plutarcho
1090 3994 1159 4082 (vit.
1182 3993 1325 4075 Pelopid.
1340 4012 1367 4058 c.
1382 3990 1438 4078 24)

324 4225 327 4234 ,
354 4170 471 4240 1)Κυι“ί.
496 4169 604 4225 Uetera.
623 4187 649 4239 p.
668 4170 693 4226 9.

353 4258 375 4329 ⁹)
394 4260 471 4313 Krc't.
496 4258 605 4314 Uetera.
622 4275 649 4328 p.
668 4258 729 4314 325.

354 4347 375 4417 ³)
395 4346 487 4402 Roem.
507 4347 674 4404 Stautereclrt
691 4347 707 4402 I
725 4365 751 4417 p.
769 4349 824 4404 480
842 4349 904 4406 adn.
923 4349 948 4405 2.
