3266 5062
756 306 976 371 ..48-

370 482 493 567 Quibus
520 483 554 550 in
581 483 722 551 numeris
749 483 940 550 adhibendis
953 503 1025 549 non
1048 484 1128 549 adeo
1152 483 1302 565 frequens
1324 487 1374 548 est
1396 483 1455 549 ille

281 608 388 655 rerum
421 591 572 673 scriptor,
604 610 741 672 namque
768 596 838 658 tres
860 595 987 658 tantum
1010 591 1145 671 praebet
1166 589 1347 656 huiusmodi
1370 608 1454 655 com·

282 696 467 780 putationes
490 698 552 763 hac
575 697 701 778 qrridem
724 697 758 762 in
780 702 883 780 parte.

370 821 550 903 Utrumque
577 822 747 888 terminum
775 820 906 906 neglegi
931 839 996 887 non
1024 825 1097 888 erat
1119 819 1249 888 difficile
1272 821 1315 886 ad
1337 839 1453 904 cogno-

283 928 433 995 scendum
457 948 482 994 1.
506 930 558 1009 39,
584 931 633 996 11.

369 1053 476 1136 Pergo
500 1054 542 1119 ad
560 1054 698 1121 alterum
716 1054 820 1120 locum
843 1054 931 1131 156,
944 1054 1005 1119 23
1029 1073 1127 1136 supra
1150 1053 1193 1139 (p.
1204 1053 1259 1138 36)
1283 1052 1347 1118 iam
1371 1070 1453 1118 com·

281 1164 500 1241 memoratum,
524 1179 585 1241 quo
608 1160 776 1228 Hamilcar
797 1161 921 1227 Bareas
948 1165 1103 1226 narratur
1129 1165 1258 1226 oreatus
1290 1177 1361 1225 esse
1387 1158 1453 1224 dux

218 1267 221 1272 ’
281 1266 461 1332 Poenorum
484 1266 562 1333 belli
588 1286 671 1334 anno
700 1266 965 1335 duodevicesimo.
1015 1266 1174 1351 Quicum
1204 1265 1386 1332 destitisset
1412 1264 1452 1330 ab

281 1371 399 1439 ltaliae
417 1372 604 1456 regionibus
621 1374 792 1443 vastandis
811 1378 995 1458 expugnato
1018 1373 1088 1440 loco
1112 1392 1204 1454 quem
1222 1376 1379 1440 vocarent
1396 1370 1451 1436 ἐπὶ

283 1490 352 1554 ταῖς
373 1479 533 1568 Εἱρκταῑς,
555 1479 631 1549 inde
654 1481 786 1565 proeliis
813 1485 957 1547 certasse
985 1500 1055 1547 cum
1082 1479 1237 1546 Romanis
1268 1498 1326 1561 per
1353 1495 1448 1544 annos

282 1585 352 1652 fere
369 1590 451 1652 tres
475 1585 512 1672 (c.
537 1587 648 1668 56,11
674 1585 787 1669 σχεδὸν
806 1587 863 1654 ἐπὶ
881 1598 968 1673 τρεῖς
992 1585 1181 1674 inaccessis).
1217 1585 1328 1667 Neque
1345 1583 1450 1665 Eryce

283 1691 399 1775 oppido
417 1698 512 1775 capto
525 1693 701 1761 confecisse
713 1695 839 1774 bellum,
855 1691 910 1760 ubi
923 1698 1101 1777 pugnasset
1120 1693 1213 1758 duos
1230 1710 1344 1758 rursus
1353 1707 1453 1756 annos

284 1797 323 1884 (c.
342 1799 394 1879 58,
414 1800 433 1864 6
451 1805 571 1888 καίπερ
591 1799 655 1867 δύο
680 1800 737 1888 ἔτη
755 1799 858 1866 πάλιν
877 1799 1035 1886 ἐντούτῳ
1054 1807 1099 1888 τῷ
1118 1799 1208 1885 τόπῳ
1227 1803 1454 1880 διαγωνισαμέ-

282 1905 379 1990 νους).
410 1901 510 1971 Finis'
527 1906 634 1972 factus
658 1913 708 1973 est
730 1907 795 1973 illis
817 1907 949 1990 proeliis
971 1927 1042 1973 cum
1060 1906 1214 1973 Lutatius
1233 1905 1366 1975 Catulus
1389 1921 1453 1968 cos.

283 2031 303 2078 a
325 2012 443 2079 Poenis
470 2013 653 2094 reportavit
678 2012 849 2082 victoriam
876 2014 919 2080 ad
945 2014 1091 2098 Aegates
1121 2007 1244 2079 insulas
1272 2009 1454 2088 1111512,

283 2137 377 2198 quam
400 2120 576 2186 antecessit
599 2120 661 2186 loci
685 2119 742 2187 ἐπὶ
764 2121 998 2208 ταῐςΕἱρκταῑς
1016 2119 1213 2204 expugnatio
1233 2119 1342 2184 eodem
1361 2135 1455 2192 anno,

283 2244 343 2305 quo
371 2225 587 2292 Hamilcarem
616 2227 729 2293 ducem
754 2226 876 2294 factum
904 2246 975 2293 esse
1009 2227 1160 2306 1156,
1190 2226 1276 2290 1-3
1308 2227 1455 2305 apparet,

281 2331 335 2398 vel
356 2331 612 2399 duodevicesimo
635 2333 712 2400 belli
730 2333 750 2399 1.
769 2353 795 2400 1.
815 2352 899 2400 anno
918 2334 992 2400 507.
1028 2334 1109 2400 Inde
1128 2337 1264 2416 apparet
1283 2329 1454 2396 terminum

282 2455 386 2517 aquo
411 2438 547 2505 excludi.

372 2563 517 2630 Tertium
541 2565 719 2647 exemplum
742 2563 966 2632 subministrat
988 2569 1086 2647 caput
1108 2564 1160 2630 59.

371 2687 509 2754 Proeliis
533 2687 574 2754 ad
597 2689 736 2772 Erycem
756 2671 905 2772 oppidum
923 2689 958 2754 in
977 2689 1046 2756 dies
1065 2686 1299 2771 redintegratis
1318 2685 1455 2752 Romani

283 2812 353 2859 cum
376 2793 519 2882 bellandi
541 2794 635 2861 finem
663 2796 802 2862 nondum
828 2795 900 2862 fieri
921 2795 1160 2862 intellexissent
1182 2813 1295 2860 rursus
1318 2795 1453 2859 classem

283 2904 471 2966 construere
494 2905 694 2982 statuerunt,
721 2907 759 2968 ut
781 2903 898 2969 bellum
922 2902 1116 2968 conficerent
1139 2899 1177 2987 (c.
1201 2901 1253 2981 59,
1279 2901 1310 2986 1)
1334 2905 1453 2983 καίπερ

284 3005 341 3094 ἔτη
365 3003 477 3087 σχεδὸν
506 3005 566 3095 ἤδη
593 3016 711 3075 πέντε
739 3014 805 3074 τῶν
831 3006 914 3074 κατὰ
947 3007 1119 3074 θάλατταν
1150 3004 1352 3094 πραγμάτων
1386 3001 1453 3069 ilo-

283 3119 400 3200 σχερῶς
424 3109 641 3203 ἀφεστηκότες
664 3111 717 3181 διὰ
740 3112 797 3188 τὰς
818 3121 1041 3202 περιπετείας.

373 3255 463 3338 Quae
486 3258 612 3338 quando
636 3257 704 3323 sint
724 3257 814 3324 facta
835 3276 900 3323 non
921 3263 1011 3324 recte
1038 3256 1210 3339 exponitur
1237 3254 1452 3337 sequentibus,

283 3381 308 3427 1.
333 3361 385 3442 59,
412 3360 495 3428 4τὸ
528 3366 562 3430 δὲ
590 3363 743 3451 δεύτερον
770 3361 982 3451 (ἐξεχώρησαν
1019 3369 1075 3451 τῆς
1106 3359 1282 3450 θαλάσσης)
1316 3360 1451 3428 ἐλαττω-

282 3473 398 3542 θέντες
416 3476 457 3556 τῇ
475 3473 553 3557 περὶ
572 3467 783 3557 eudaemona
801 3476 975 3552 ναυμαχία.
999 3469 1074 3536 τότε
1092 3471 1127 3536 δὲ
1145 3475 1259 3558 τρίτην
1278 3469 1450 3536 ἐποιοῦντο

282 3574 406 3662 ταύτην
429 3572 490 3664 τὴν
513 3576 664 3664 ἐμβολήν,
687 3573 729 3642 δι’
753 3565 789 3664 ἧς
811 3575 999 3664 νικήσαντες
1019 3614 1062 3624 -
1080 3579 1170 3650 τέλος
1193 3575 1364 3664 ἐπέθηκαν
1386 3583 1450 3646 τοῖς

282 3677 377 3756 ὅλοις.

370 3808 453 3872 Nam
477 3806 540 3873 etsi
562 3806 596 3872 in
618 3826 728 3892 pugna
750 3808 792 3873 ad
814 3808 1001 3889 Drepanam
1025 3791 1192 3873 commissa
1210 3808 1253 3872 93
1276 3807 1450 3874 amiserant

281 3913 421 3981 Romani
453 3932 470 3979 e
509 3914 572 3978 123
609 3914 764 3993 naribus,
801 3919 910 3979 tamen
945 3932 1046 3983 novas
1083 3913 1257 3997 sexaginta
1294 3913 1451 3981 dederant

166 4041 170 4050 ·
282 4019 408 4100 Iunio,
432 4020 522 4086 ouius
542 4019 655 4086 classis
673 4019 795 4087 dicitur
816 4019 916 4086 fuisse
940 4025 1068 4087 centum
1090 4019 1209 4118 viginti
1230 4020 1360 4088 navium
1383 4021 1450 4085 lon·

282 4146 409 4211 garum,
442 4126 699 4210 octingentarum
731 4127 959 4194 onerariarum.
1004 4127 1068 4194 Sed
1098 4129 1159 4194 hac
1191 4128 1314 4194 demum
1348 4127 1451 4191 classe

282 4238 477 4315 tempestate
508 4253 641 4316 prorsus
673 4234 781 4299 deleta
807 4233 944 4300 Romani
974 4253 1062 4300 mare
1093 4233 1248 4318 fugerunt
1274 4234 1312 4298 L.
1340 4231 1450 4298 Iunio

283 4357 368 4405 cos:
393 4338 432 4405 cf.
452 4358 477 4405 1.
499 4340 550 4418 55,
571 4342 588 4404 1
613 4339 731 4406 τούτου
756 4342 789 4408 δέ
808 4340 989 4426 συμβάντος
1007 4378 1050 4388 -
1069 4341 1100 4406 οἱ
1117 4337 1267 4424 Ῥωμαῖοι
1288 4337 1449 4426 πρότερον
