3266 5062
686 351 905 415 „23-

208 530 363 597 simbroto
382 535 416 596 et
433 530 570 597 Rhodiis
590 531 716 597 domum
734 528 887 595 remissis.
923 528 1028 594 Haec
1052 547 1094 594 ea
1117 531 1272 594 aestate
1293 530 1384 592 terra

207 636 352 718 marique
379 638 536 704 adversus
563 634 748 719 Philippum
777 634 943 716 sociosque
970 633 1040 701 eius
1063 634 1104 701 ab
1127 634 1257 700 consule
1285 637 1319 699 ot
1340 632 1384 698 le·

208 747 286 825 gato
318 742 472 809 Romanis
510 743 741 811 adiuvantibus
777 761 856 824 rege
887 740 1001 807 Attalo
1039 746 1072 807 et
1105 739 1239 808 Rhodiis
1272 737 1383 823 gcsta’,

206 849 292 915 unde
325 854 485 916 aestatem
516 850 571 917 vol
603 847 795 936 olympiadis
829 847 892 914 145
924 847 1060 930 primum
1092 866 1210 914 annum
1247 849 1384 928 apparet

206 954 294 1022 finiri
321 955 517 1037 aequinoctii
540 956 735 1025 autumnalis
757 955 826 1022 fero
849 961 1000 1038 tempore.

296 1062 449 1130 Eiusdem
483 1062 561 1129 anni
591 1061 719 1131 initium
758 1060 954 1128 describitur
976 1061 1095 1127 XXXI
1115 1061 1156 1124 22
1185 1060 1236 1125 his
1260 1059 1382 1125 ‘consul

208 1169 292 1235 alter
320 1189 391 1236 cum
414 1172 594 1235 autumno
626 1168 744 1235 ferme
772 1169 907 1236 exacto
934 1167 969 1233 in
1000 1167 1198 1250 provinciam
1229 1166 1382 1247 venisset,

208 1276 295 1342 circa
319 1275 521 1358 Apolloniam
544 1275 789 1342 hibernabat’
814 1275 929 1356 quibus
951 1273 1060 1342 verbis
1084 1275 1265 1357 Ungerus
1287 1278 1383 1356 putat

207 1381 316 1448 fulciri
340 1381 534 1449 sententiam
554 1401 644 1449 suam
668 1382 710 1468 (p.
730 1380 773 1469 5).
810 1382 921 1463 Neque
939 1385 1048 1447 tamen
1066 1381 1142 1447 inde
1160 1379 1238 1446 licet
1257 1379 1382 1446 conclu·
1427 1383 1432 1394 '

207 1488 284 1555 dero
307 1507 425 1554 annum
448 1488 592 1571 incipere
614 1508 634 1554 a
656 1508 765 1555 mense
784 1487 971 1569 Novembri3
999 1505 1075 1553 nam
1097 1487 1198 1554 verba
1221 1491 1383 1554 ‘autumno

206 1594 308 1662 fermo
327 1595 450 1662 exacto’
469 1601 605 1677 possunt
624 1595 775 1679 amplecti
794 1594 891 1662 etiam
909 1613 1051 1660 mensem
1070 1592 1247 1660 Octobrem.
1272 1595 1383 1674 Neque

206 1703 269 1768 hac
291 1721 328 1769 re
351 1701 589 1784 infringuntur,
612 1721 694 1782 quae
721 1704 886 1784 bucusque
914 1700 1163 1782 disputavimus3
1195 1699 1276 1766 satis
1300 1699 1383 1766 enin

205 1827 259 1874 res
283 1807 479 1890 explicatur,
503 1808 670 1875 dummodo
694 1810 856 1876 consulem
879 1808 983 1875 serius
1008 1827 1078 1874 cum
1101 1807 1235 1890 imperio
1258 1807 1292 1874 in
1310 1825 1383 1889 pro·

205 1913 347 1982 vinciam
368 1914 547 1997 profectum
572 1935 643 1983 esse
666 1921 857 1984 statuamus,

298 2022 379 2088 Tum
412 2020 605 2106 olympiadis
640 2023 701 2087 141
737 2022 847 2104 quarti
883 2021 977 2088 annis
1008 2020 1083 2086 finis
1114 2019 1277 2086 indicatur
1309 2020 1382 2088 Liv.

206 2128 356 2194 XXV31
377 2126 432 2194 ubi
448 2128 603 2209 quomodo
618 2127 800 2211 Syracusae
818 2132 1023 2212 expugnatae
1042 2126 1108 2193 sint
1126 2127 1310 2193 accuratius
1328 2127 1382 2191 de·

206 2235 370 2302 scribitur.
415 2235 569 2318 Magnum
592 2234 749 2316 temporis
772 2235 946 2302 definiendi
967 2232 1196 2300 adminiculum
1215 2235 1381 2315 praebent,

207 2360 290 2422 quae
311 2341 410 2407 XXV
429 2342 471 2406 26
491 2341 644 2424 leguntur
668 2346 750 2407 ‘nam
773 2347 917 2425 tempore
935 2339 1081 2408 autumni
1105 2346 1146 2407 et·
1160 2328 1241 2406 locis
1263 2346 1382 2406 natura

206 2449 364 2530 gravibus
382 2447 633 2514 intoleranda
651 2448 711 2516 vis
730 2453 862 2516 aestus
880 2467 939 2531 per
957 2453 1096 2529 utraque
1115 2452 1225 2514 castra
1244 2445 1382 2513 omnium

204 2554 307 2622 ferme
330 2573 465 2637 corpora
487 2553 605 2621 movit’.

294 2662 440 2742 Namque
461 2665 586 2744 pestem
609 2660 662 2726 hio
683 2666 851 2728 narratam
875 2661 1020 2731 evorbis
1043 2661 1305 2728 ‘intoleranda
1322 2659 1382 2728 vis

205 2767 350 2834 aestus'
378 2772 515 2851 apparet
542 2766 696 2833 incidisse
722 2765 757 2833 in
784 2766 924 2852 priorem
951 2768 1097 2834 autumni
1123 2773 1264 2851 partem,
1287 2785 1382 2848 quam

204 2873 357 2941 Plinius
385 2874 480 2940 docet
506 2872 649 2956 incipere
676 2893 697 2939 a
722 2875 784 2940 III.
807 2876 854 2940 Id.
879 2874 966 2942 Sext.
1018 2875 1251 2958 Syracusarum
1279 2873 1382 2958 igitur

205 2979 477 3066 expugnationem
492 2980 594 3063 ipsam
608 2981 661 3049 vel
680 2980 872 3062 olympiadis
888 2982 988 3062 141,4
1005 2981 1099 3048 finem
1118 2982 1153 3047 in
1171 2986 1382 3048 extremum

204 3106 366 3154 mensem
400 3087 658 3170 Septembrem
695 3086 724 3152 si
755 3087 928 3154 statuimus
954 3086 1109 3154 incidisse
1136 3107 1156 3154 a
1183 3106 1260 3156 vero
1293 3086 1381 3153 haud

204 3193 435 3260 aberrabimus

296 3299 419 3384 Quibus
446 3301 646 3384 argumentis
674 3300 827 3369 eLivio
855 3299 968 3382 petitis
990 3299 1144 3366 iudicium
1162 3301 1203 3368 de
1227 3300 1380 3384 olympia·

205 3407 280 3473 dum
312 3406 407 3472 initio
440 3425 539 3488 supra
569 3407 730 3489 prolatum
762 3406 1059 3473 manifestissimum
1081 3407 1175 3473 reddi
1197 3426 1288 3474 nemo
1311 3407 1380 3473 ind·

206 3513 272 3579 tias
295 3512 364 3579 ibit.

294 3618 358 3686 Sed
382 3620 513 3686 obstare
535 3621 701 3698 videntur,
725 3639 808 3700 quae
830 3620 881 3686 XI
900 3620 944 3684 20
962 3622 1048 3704 apud
1071 3620 1242 3704 Polybium
1269 3621 1381 3704 legun-

205 3732 270 3807 tur,
293 3726 348 3791 ubi
372 3727 530 3793 sccundus
554 3725 744 3809 olympiadis
770 3727 833 3792 143
856 3745 960 3792 annuus
984 3726 1112 3793 orditur
1134 3728 1175 3795 ab
1197 3726 1249 3794 his
1271 3727 1381 3795 verbis

206 3833 318 3917 οἱμὲν
341 3821 400 3898 οὖν
422 3835 501 3920 περὶ
524 3829 581 3898 τὸν
599 3829 787 3920 Ἀσδρούβαν
812 3829 1027 3920 ἀθροίσαντες
1043 3832 1111 3923 ’τὴν
1139 3840 1312 3922 στρατείαν
1341 3833 1380 3900 ἐκ

205 3945 280 4006 τῶν
303 3938 469 4018 πόλεων,
494 3938 529 4006 ἐν
552 3929 603 4012 αἶς
626 3938 800 4006 ἐποιοῦντο
819 3936 889 4028 τὴν
911 3947 1237 4028 παραχειμασίαν,
1260 3941 1381 4029 προῆλ-

206 4051 280 4113 θον.
328 4046 409 4112 Inde
432 4046 515 4113 enim
542 4046 780 4113 Hasdrubalem
814 4052 923 4114 castra
955 4047 1094 4115 movisse
1125 4052 1262 4130 apparet
1293 4052 1381 4130 post

205 4153 410 4219 hibernorum
429 4152 507 4234 dies,
522 4171 585 4219 non
601 4171 709 4219 corum
724 4157 877 4236 temporo,
891 4159 928 4220 ot
945 4153 1156 4240 Ungerus1)
1176 4159 1211 4221 et
1229 4154 1380 4238 Steige·

297 4381 317 4454 1)
336 4382 402 4452 phu.
420 4382 543 4437 xxxin
561 4398 587 4451 p.
599 4383 659 4438 aas.
