3266 5062
640 359 896 422 ...9-

299 538 424 623 Quibus
452 536 598 601 omnibns
626 535 655 602 si
681 535 727 601 nil
756 536 845 602 aliud
871 542 908 602 at
935 538 996 602 hoc
1019 536 1134 603 saltem
1163 536 1270 603 effecit
1292 538 1388 623 Poly·

208 648 294 726 bins,
323 650 360 712 ut
387 663 441 710 res
468 643 594 725 possint
621 640 723 708 tribui
755 642 894 726 singulis
926 643 1027 710 annis.
1074 644 1139 710 Sed
1172 644 1388 726 olympiadum

208 753 367 819 rationem
395 751 471 817 iude
495 767 688 831 cognoscere
715 749 892 817 nonlicet.
943 751 1054 832 Neque
1087 771 1104 817 e
1132 769 1157 816 c.
1184 751 1273 829 16,7
1299 751 1388 832 qnid-

209 881 303 941 quam
326 860 498 935 lucramur‚
523 856 577 924 ubi
601 861 866 923 commemoratur
890 857 1084 940 olympiadis
1109 858 1174 923 140
1192 857 1314 940 primus
1333 878 1388 925 an-

208 986 278 1033 nus
339 967 422 1031 Nam
454 963 501 1030 nil
533 963 616 1029 certi
647 963 687 1028 de
723 962 792 1030 eius
825 963 918 1030 initio
951 964 1016 1030 dici
1048 982 1143 1047 posse
1169 965 1389 1046 unusquisque

209 1073 311 1156 primo
337 1071 448 1139 statim
472 1072 589 1136 obtutu
611 1069 745 1138 videbit.

299 1179 364 1246 Sed
394 1175 531 1244 alterius
568 1177 606 1242 fit
637 1176 756 1242 mentio
795 1176 987 1260 olympiadis
1019 1196 1045 1244 o.
1079 1180 1162 1257 118,
1198 1179 1239 1243 10
1271 1177 1387 1264 διόπερ

211 1282 304 1373 ἡμεῖς
335 1283 461 1371 ταύτην
493 1286 555 1367 μὲν
587 1279 648 1370 την
676 1282 797 1369 βύβλον
825 1283 883 1350 ἐπὶ
909 1283 1035 1350 τούτων
1063 1291 1128 1350 τῶν
1156 1285 1257 1372 ἔργων
1290 1308 1387 1351 κατα-

209 1399 409 1480 στρέψομεν,
439 1388 679 1476 ἂπεριέλαβεν
702 1385 868 1477 Ἰβηρικῶν
901 1393 957 1456 καὶ
986 1397 1050 1457 τῶν
1073 1388 1241 1458 Ἰταλικῶν
1269 1389 1289 1480 η
1317 1415 1387 1458 τετ-

209 1495 392 1585 ταρακοστη
420 1494 503 1583 πρὸς
531 1507 601 1569 ταῖς
629 1493 746 1562 ἑκατὸν
770 1493 952 1582 ὀλυμπιάδι
976 1496 1185 1585 δηλώσαντες.
1230 1499 1387 1564 Extremo

208 1606 290 1672 libro
328 1603 523 1671 describitur
558 1623 669 1686 pugna
705 1603 904 1684 Cannensis,
937 1623 1031 1684 quam
1064 1606 1165 1673 verba
1198 1624 1223 1672 c.
1259 1606 1336 1685 107,
1370 1606 1386 1669 1

209 1716 376 1778 testantur
408 1710 609 1776 commissam
637 1729 708 1777 esse
735 1712 850 1778 messis
883 1715 1027 1793 tempore
1060 1712 1113 1780 vel
1144 1731 1253 1778 mense
1285 1711 1388 1778 Iunio.

209 1819 321 1899 Neque
357 1818 434 1899 quia
473 1817 567 1883 initio
605 1817 760 1901 Polybius
802 1818 843 1882 ab
881 1835 965 1883 anno
1004 1818 1068 1883 533
1106 1838 1136 1884 u.
1174 1838 1214 1899 c,
1251 1838 1315 1884 non
1352 1823 1389 1885 ut

208 1926 402 2009 promiserat
424 1925 466 1990 ab
489 1943 574 1990 anno
598 1924 663 1989 534
687 1944 716 1990 u.
741 1943 766 1990 c.
790 1929 842 1990 est
865 1942 1008 2004 exorsus,
1036 1929 1210 2007 propterea
1233 1925 1330 1992 etiarn
1354 1926 1389 1990 in

207 2032 270 2098 fine
298 2030 437 2114 tempori
465 2035 709 2096 commemorato
737 2031 841 2096 minor
869 2030 949 2097 fides
981 2036 1033 2097 est
1063 2033 1221 2098 habenda.
1272 2032 1388 2113 Itaque

209 2139 425 2222 olympiadem
457 2138 522 2203 140
554 2138 596 2204 ad
627 2137 721 2204 finem
753 2137 924 2220 pervenire
955 2156 1065 2202 mense
1087 2138 1156 2203 fere
1180 2137 1337 2221 Quinctili
1369 2159 1387 2204 e

208 2246 319 2313 verbis
341 2250 420 2327 puto
444 2263 610 2326 apparere.
656 2244 765 2325 Atque
788 2245 849 2310 hoc
872 2243 1000 2324 quidem
1022 2248 1150 2326 tempus
1172 2264 1237 2310 non
1255 2245 1386 2314 ridetur

207 2371 342 2434 prorsus
366 2370 545 2434 congruere
568 2370 640 2417 cum
658 2351 718 2418 IH.
741 2351 789 2417 Id.
809 2349 898 2417 Sext.
917 2370 1117 2431 -namque
1140 2352 1280 2418 alterum
1303 2351 1388 2418 diem

208 2458 259 2543 (V.
283 2460 330 2525 Id.
355 2457 470 2546 Sept),
502 2457 537 2523 in
566 2477 659 2539 quem
682 2463 792 2541 posset
822 2457 966 2524 incidere
995 2457 1188 2540 olympiadis
1215 2458 1301 2538 finis,
1334 2458 1388 2524 hic

207 2584 271 2631 non
298 2565 459 2646 quadrare
490 2584 507 2631 e
535 2564 628 2630 modo
656 2563 753 2631 dictis
779 2563 816 2630 fit
845 2569 1095 2630 consentaneum
1119 2583 1247 2646 ——quo
1272 2565 1388 2632 dieex

207 2677 463 2738 astronomorum
482 2670 722 2753 computatione
740 2670 804 2737 fuit
823 2669 1016 2754 olympiadis
1036 2672 1100 2736 140
1114 2671 1195 2737 finis.
1219 2671 1283 2738 Sed
1300 2671 1389 2738 inter

208 2778 292 2844 hanc
311 2784 344 2845 et
363 2777 494 2862 Polybii
512 2778 670 2844 rationem
690 2798 817 2861 semper
834 2777 1040 2845 intercedere
1057 2797 1191 2860 parvum
1215 2778 1388 2844 discrimen

208 2903 226 2950 e
249 2885 458 2965 sequentibus
482 2903 608 2966 quoque
631 2885 809 2967 apparebit.
857 2885 929 2968 Qua
950 2883 986 2950 in
1010 2903 1046 2950 re
1069 2884 1291 2952 offendendum
1316 2905 1387 2952 esse

207 3008 301 3076 nego,
318 3009 392 3058 nam
406 2991 458 3056 his
475 2991 510 3056 in
529 2991 770 3072 quaestionibus
784 2990 1022 3074 perpendendis
1037 3010 1226 3058 consensum
1242 2992 1386 3058 omnibus

207 3095 348 3162 numeris
371 3097 555 3164 absolutum
573 3117 648 3163 raro
668 3097 809 3165 inveniri
833 3103 970 3164 constat.

294 3202 450 3269 Maiorem
474 3204 629 3270 materiae
653 3204 777 3292 copiam
800 3203 876 3270 libri
894 3204 950 3270 IV.
970 3204 1008 3270 V.
1028 3204 1248 3286 suppeditant,
1271 3205 1386 3287 quibus

206 3309 414 3375 continentur
440 3330 494 3376 res
527 3310 672 3377 Graecae
700 3311 882 3394 olympiade
912 3312 976 3377 140
1009 3317 1131 3395 gestae.
1181 3312 1245 3378 Hic
1273 3332 1385 3379 rursus

207 3415 363 3498 Polybius
380 3415 474 3482 initio
494 3436 612 3497 eorum,
636 3436 719 3498 quae
742 3417 805 3483 sibi
827 3418 1002 3483 tractanda
1026 3422 1248 3500 proposuerat,
1271 3438 1385 3501 parum

210 3521 273 3587 sibi
299 3522 524 3590 videturesse
548 3528 709 3590 constans.
755 3524 838 3589 Nam
866 3543 884 3590 e
908 3525 1010 3603 c.1‚3
1031 3529 1090 3589 νῦν
1114 3525 1148 3590 δὲ
1171 3521 1228 3598 τοὶς
1246 3520 1386 3613 Ἑλληνι-

206 3624 263 3702 κοὶς
290 3632 433 3712 διέξιμεν
460 3627 594 3715 πράξεις
626 3627 683 3704 τὰς
715 3627 799 3696 κατὰ
832 3628 907 3703 τοὺς
935 3626 1053 3703 αὐτοὺς
1080 3628 1212 3717 καιροὺς
1240 3630 1386 3698 ἐπιτελε-

206 3740 339 3809 σθείσας
358 3748 424 3811 τοῖς
441 3744 691 3824 προειρημένοις
709 3740 763 3802 καὶ
783 3733 851 3803 ἆπδ
874 3743 930 3825 τῆς
954 3737 1128 3824 ἑκατοστῆς
1151 3740 1207 3802 καὶ
1229 3761 1385 3826 τετταρα-

207 3849 320 3930 κοστῆς
356 3840 558 3927 ὀλυμπιάδος
590 3843 759 3928 Polybium
792 3845 833 3910 ab
866 3843 1047 3926 olympiade
1082 3845 1147 3909 140
1183 3843 1385 3927 incepturum

209 3966 278 4013 esse
304 3950 524 4018 narrationem
552 3956 702 4033 apparet,
731 3970 748 4016 e
780 3950 988 4031 sequentibus
1016 3954 1125 4016 antem
1154 3969 1180 4016 o.
1211 3951 1252 4015 15
1280 3957 1385 4017 τοῦτο

206 4055 267 4137 μὲν
290 4043 348 4121 οὖν
372 4056 417 4130 εἰς
440 4055 500 4144 τὴν
519 4065 682 4143 προτέραν
702 4056 821 4124 ἔπεσεν
839 4053 1037 4140 ὀλυμπιάδα,
1062 4053 1103 4122 τὰ
1123 4053 1152 4122 δ’
1171 4057 1242 4142 ἑξῆς
1260 4056 1305 4130 εἰς
1324 4055 1385 4144 τὴν

206 4161 466 4250 τετταρακοστὴν
491 4163 546 4230 ἐπὶ
570 4175 640 4238 ταῖς
664 4160 780 4229 ἑκατὸν
807 4163 896 4229 illum
919 4182 1021 4244 usque
1049 4164 1091 4229 ad
1119 4181 1144 4229 c.
1175 4162 1215 4227 15
1245 4164 1386 4249 descrip-

208 4265 289 4334 sisse
313 4269 505 4353 olympiadis
531 4271 594 4335 139
618 4289 671 4337 res
695 4275 806 4354 gestas
831 4270 1004 4353 colligitur.

293 4377 363 4442 Iam
387 4376 579 4461 olympiadis
604 4378 668 4442 140
690 4376 820 4443 initium
843 4377 977 4443 definire
999 4376 1078 4442 mihi
1101 4375 1231 4446 videtur
1254 4377 1385 4444 difficile
