3266 5062
703 343 924 406 „37-

228 521 307 587 locis
335 519 375 607 (o.
385 520 505 601 56,11;
525 519 578 599 58,
589 518 622 606 6)
646 519 764 586 scimus
787 519 1004 585 Hamilcarem
1026 520 1067 584 ab
1090 516 1171 584 inito
1195 517 1400 602 magistratu,

229 646 290 708 quo
322 631 468 711 tempore
502 625 607 692 locum
639 625 694 708 qui
724 627 902 694 vocabatur
934 624 990 692 ἐπὶ
1019 635 1089 700 ταῖς
1112 625 1263 712 Εῑρκταῖς
1288 624 1323 692 vi
1346 645 1400 692 ex·

227 731 401 816 pugnauit,
433 751 534 812 usque
565 732 607 798 ad
640 732 769 799 Lutatii
805 732 912 798 Catuli
947 731 1117 800 victoriam
1154 750 1255 812 aequo
1292 732 1400 798 Marte

227 857 391 924 pugnasse
409 838 576 921 quinque
594 857 653 921 per
671 857 781 905 annos.
814 837 904 922 Quae
921 837 1061 907 uictoria
1080 857 1151 905 cum
1165 843 1251 905 teste
1264 837 1399 923 Polybio

228 949 399 1028 reportata
435 944 479 1012 sit
516 964 535 1010 a
567 944 685 1012 Poenis
716 945 852 1012 Lutatio
885 946 999 1012 Catulo
1032 964 1095 1011 cos.
1121 944 1175 1012 vel
1207 965 1292 1012 anno
1324 944 1400 1025 512,

230 1053 336 1120 elucet
353 1051 524 1135 Polybium
546 1055 692 1118 statuere
711 1053 823 1120 ducem
845 1051 967 1120 factum
990 1071 1061 1120 esse
1080 1052 1297 1118 Hamilcarem
1315 1071 1399 1119 anuo

228 1157 308 1238 507,
336 1157 391 1240 qui
418 1177 521 1225 annus
545 1157 668 1225 cumei
696 1158 741 1224 sit
762 1158 839 1226 belli
863 1159 1147 1237 duodevicesimus,
1169 1156 1339 1242 Polybium
1362 1159 1399 1226 L.

228 1263 321 1331 Iunio
345 1283 408 1331 cos.
431 1263 492 1331 soli
513 1263 678 1348 integrum
702 1265 828 1332 dedisse
851 1285 968 1332 annum
991 1263 1196 1348 perspicitur.

317 1371 428 1452 Neque
451 1371 548 1437 aliter
570 1375 680 1454 potest
702 1371 884 1454 explanari,
908 1372 993 1454 quod
1015 1376 1119 1438 totum
1140 1371 1258 1438 bellum
1281 1371 1401 1456 viginti

145 1463 147 1468 ¹
228 1482 382 1560 quattuor
415 1495 570 1542 annorum
602 1475 704 1544 fuisse
727 1483 841 1544 namet
868 1498 893 1545 o.
909 1480 992 1559 63,4
1021 1474 1038 1543 ὃ
1065 1479 1127 1562 μὲν
1154 1466 1213 1544 οὖν
1235 1474 1400 1563 Ῥωμαιοις

227 1588 283 1651 καὶ
310 1586 539 1671 Καρχηδονίοις
566 1580 683 1658 συστὰς
709 1588 788 1672 περὶ
814 1587 962 1658 Σικελίας
987 1581 1131 1668 πόλεμος
1159 1583 1215 1652 ἐπὶ
1242 1583 1401 1659 τοιούτοις

228 1695 284 1757 καὶ
320 1694 470 1756 τοιοῦτον
508 1688 581 1770 ἔσχε
618 1686 655 1756 τὸ
692 1693 783 1765 τέλος
815 1691 873 1779 ἔτη
905 1692 1148 1778 πολεμηθεὶς
1180 1692 1304 1758 εἴκοσι
1336 1695 1401 1759 καὶ

229 1805 395 1883 τέτταρα
419 1801 564 1876 συνεχῶς.
610 1797 691 1862 Nam
719 1797 754 1865 id
782 1798 925 1880 coepisse
948 1799 989 1864 ab
1012 1798 1073 1882 Ap.
1097 1799 1230 1866 Claudio
1254 1817 1331 1880 cos,
1358 1799 1400 1866 ad

227 1903 323 1970 finem
353 1902 484 1971 venisse
514 1908 589 1986 post
617 1902 650 1970 Ο.
674 1904 802 1971 Lutatii
833 1906 876 1971 ad
902 1905 1048 1987 Aegates
1079 1905 1201 1973 insulas
1229 1906 1398 1975 victoriam

228 2011 364 2093 Polybio
388 2015 520 2078 auctore
546 2008 611 2076 iam
633 2009 780 2078 vidimus.
820 2010 1002 2078 Matzatii
1029 2017 1138 2078 autem
1166 2012 1206 2078 de
1232 2012 1310 2079 belli
1336 2012 1399 2080 fine

228 2116 419 2202 sententia)
442 2115 573 2198 probari
591 2115 711 2198 nequit,
735 2117 798 2182 nisi
817 2135 970 2184 summam
990 2116 1158 2185 admisisse
1176 2118 1347 2202 Polybium
1365 2120 1401 2186 in

229 2224 443 2306 computando
461 2221 710 2288 inconstantiam
732 2223 964 2305 putaverimus.

316 2328 433 2395 Liceat
468 2329 533 2396 iam
569 2329 665 2412 paulo
701 2331 886 2397 accuratius
918 2351 1012 2412 quam
1050 2331 1155 2397 adhuc
1193 2335 1244 2399 est
1275 2331 1399 2400 factum

228 2435 370 2518 definire,
393 2431 454 2519 quo
478 2441 621 2518 tempore
644 2436 830 2504 commissae
853 2438 919 2504 sint
941 2457 1070 2522 pugnae
1092 2437 1187 2505 huius
1210 2437 1288 2504 belli
1310 2440 1401 2507 nobi·

227 2542 379 2610 lissimae.

315 2669 424 2748 Atque
446 2666 583 2750 primum
606 2667 717 2752 agitur

228 2808 280 2875 Ile
309 2810 471 2893 tempore
495 2827 649 2894 pugnae,
676 2809 811 2894 inqua
835 2831 856 2878 a
880 2811 1247 2895 Carthaginiensibus
1270 2815 1397 2898 captus

689 2918 745 2984 est
768 2918 941 3000 Regulus.

316 3057 356 3123 In
377 3076 506 3141 pugnae
528 3057 671 3142 Libycae
694 3063 837 3142 tempore
860 3060 1052 3141 definiendo,
1075 3066 1112 3126 ut
1138 3063 1220 3128 bene
1242 3061 1398 3146 procedat

227 3182 279 3229 res
297 3163 472 3246 proposita,
494 3163 759 3247 proficiscendum
779 3172 829 3233 est
847 3187 868 3232 a
886 3166 981 3234 fastis
999 3167 1257 3251 triumphalibus,
1280 3169 1398 3253 quippe

227 3271 281 3352 qui
300 3276 337 3336 ut
354 3270 463 3338 nautis
481 3270 574 3356 ignes
592 3271 627 3337 in
645 3271 696 3338 his
717 3273 957 3352 quaestionibus
971 3274 1140 3340 admodum
1155 3275 1260 3342 dubiis
1274 3282 1398 3343 certum

226 3377 404 3458 praebeant
425 3377 661 3445 adminiculum.

339 3499 407 3566 Ser.
430 3501 566 3570 Fulvius
589 3503 632 3570 M.
655 3502 677 3570 f.
700 3503 744 3569 M.
767 3523 797 3570 n.
821 3505 977 3572 Paetinus
999 3503 1145 3571 Nobilior
1167 3523 1289 3587 procos.

441 3608 480 3674 de
503 3608 753 3677 Cossurensibus
777 3617 809 3678 et
832 3611 950 3677 Poenis
972 3612 1121 3680 navalem
1145 3612 1215 3696 egit

679 3738 707 3784 a.
732 3715 956 3784 ODXOVIIII.
1117 3719 1212 3787 XIII.
1235 3720 1274 3788 Κ.
1298 3721 1396 3788 Febr.

337 3838 381 3903 Μ.
404 3838 561 3905 Aemilius
583 3840 626 3906 M.
649 3840 671 3907 f.
693 3840 731 3908 L.
754 3860 784 3908 n.
807 3842 940 3908 Paullus
962 3861 1084 3924 procos.

445 3945 485 4011 de
509 3944 758 4015 Cossurensibus
781 3953 815 4014 et
837 3947 956 4015 Poenis
978 3950 1126 4017 navalem
1150 3951 1219 4035 egit

746 4075 773 4121 a.
798 4054 973 4122 ODXOIX.
1134 4057 1211 4125 XII.
1234 4058 1274 4124 K.
1297 4060 1395 4126 Febr.

315 4175 376 4242 Ille
401 4176 626 4257 proconsudum
653 4177 833 4261 triumphus
859 4179 987 4246 navalis
1014 4180 1157 4264 pertinet
1184 4182 1226 4248 ed
1254 4202 1396 4268 pugnam

317 4405 337 4476 ¹)
358 4404 478 4460 Οιιοιιοὶ.
497 4406 526 4460 Π
544 4423 569 4475 p.
589 4407 641 4462 312
660 4407 721 4462 adn.
739 4409 765 4463 4.
