3266 5062
674 373 894 438 ...43-

198 553 236 620 cf.
255 553 339 620 VIII
359 554 399 617 14
424 553 452 617 Ρ
475 553 493 618 Ι
517 551 580 617 393
602 553 630 618 Β
654 553 708 616 καὶ
732 548 789 624 ἕως
812 551 873 634 μὲν
898 547 995 634 ἄμφω
1018 556 1171 638 παρήσαν
1194 551 1226 616 οἱ
1249 545 1370 617 ύπατοι

197 663 362 733 Καικίλιος
389 659 556 731 Μέτελλος
588 660 642 722 καὶ
675 655 774 731 Γάιος
803 655 941 743 Φούριος
969 656 1185 746 Καρχηδόνιοι
1218 653 1369 746 ήρέμουν.

198 763 238 842 ὥς
267 769 300 833 δὲ
323 761 404 853 πρὸς
427 761 488 853 τήν
515 759 640 853 Ῥώμην
667 761 796 853 ἀπῆρεν
825 760 841 828 ὃ
872 762 1010 849 Φούριος
1037 761 1283 852 κατεφρόνησαν
1310 769 1369 830 τοῦ

197 874 369 942 Μετέλλου
393 876 447 938 καὶ
470 867 551 958 πρὸς
574 869 630 936 τόν
653 867 832 957 Πάνορμον
857 859 972 959 ήλδον.

287 981 399 1061 Neque
432 979 603 1060 quidquam
636 977 719 1044 lucri
750 977 886 1046 facimus
918 998 936 1045 e
967 977 1148 1059 Diodoro,
1180 979 1235 1061 qui
1267 980 1370 1046 tradit

199 1089 279 1153 haec
310 1086 351 1153 fr.
374 1085 495 1152 XXIII
518 1085 558 1149 21
598 1081 856 1158 ἐπιπεσόντος
886 1087 1088 1152 Καικιλίου
1121 1092 1189 1154 τοῦ
1217 1082 1368 1152 ύπότου

200 1190 309 1268 αὐτοῖς
328 1189 410 1258 κατὰ
430 1191 545 1279 κράτος
565 1188 683 1266 αὐτούς
702 1189 833 1279 νικήσας
851 1194 905 1257 καὶ
924 1197 988 1257 τῶν
1009 1190 1195 1279 ἐλεφάντων
1216 1193 1370 1282 ἑξήκοντα

171 1373 175 1382 ,
200 1299 360 1388 κρατήσας
383 1298 428 1373 εἷς
451 1295 574 1386 Ῥιόμην
599 1295 780 1364 ἀπέστειλε.

288 1405 403 1473 Verbis
418 1405 500 1471 enim
516 1407 684 1472 Καικιλίου
704 1411 763 1471 τοῦ
783 1401 911 1471 ύποῑτου
931 1425 1010 1473 cave
1028 1425 1069 1472 ne
1087 1406 1216 1475 nimium
1236 1407 1370 1489 tribuae,

199 1516 283 1596 quod
301 1515 371 1580 loco
387 1512 628 1595 supralaudato
643 1511 828 1596 Polybius
846 1512 916 1594 ipse
936 1512 1068 1595 opponit
1086 1510 1218 1598 τὸνμὲν
1233 1511 1291 1581 ἕνα
1306 1521 1370 1580 τῶν

198 1627 385 1708 στρατηγῶν
412 1620 522 1687 verbis
550 1615 608 1685 τὸν
636 1621 669 1684 δὲ
698 1620 879 1698 Καικίλιον,
908 1639 971 1700 qua
998 1639 1034 1685 re
1060 1620 1149 1686 illum
1176 1620 1276 1686 fuisse
1298 1640 1369 1705 pro-

200 1727 375 1807 consulem,
399 1728 483 1808 quod
506 1727 571 1792 iam
594 1726 898 1806 demonstravimus
921 1746 986 1792 non
1012 1733 1160 1809 negatur.
1205 1727 1369 1794 Vocabulo

200 1830 373 1921 στρατηγὸς
405 1835 565 1901 consulem
590 1831 766 1916 significari
789 1833 995 1916 cognoscitur
1019 1852 1036 1899 e
1065 1852 1090 1899 c.
1101 1834 1153 1914 39,
1163 1836 1191 1901 8.
1204 1833 1244 1901 15
1256 1835 1369 1915 c.49,3

200 1940 284 2020 c.59,
295 1941 325 2020 8,
344 1941 399 2006 ubi
414 1941 598 2007 consulibus
617 1939 754 2022 singulis
773 1939 867 2005 annis
880 1939 1066 2022 praemissis
1080 1939 1264 2024 Polybius
1286 1940 1371 2006 indit

198 2046 280 2113 illud
302 2066 425 2114 nomen.
461 2047 624 2113 Diodori
642 2052 750 2113 autem
768 2049 869 2114 verba
888 2046 917 2112 si
932 2046 1003 2128 quis
1019 2052 1116 2130 urget
1128 2066 1237 2132 pugna
1256 2046 1371 2113 incidit

200 2153 234 2219 in
258 2153 391 2220 Caecilii
414 2153 567 2220 Metelli
591 2153 838 2220 consulatum.
1342 2145 1345 2152 ’

289 2260 377 2326 idem
410 2262 546 2328 tradunt
582 2261 637 2342 qui
668 2261 711 2326 ad
742 2260 893 2327 Livium
931 2260 1069 2326 redeunt
1109 2259 1297 2342 scriptores:
1330 2259 1368 2326 cf.

199 2366 429 2449 Eutropium
465 2367 572 2432 1124
609 2366 654 2433 ‘L.
688 2365 827 2433 Caecilio
864 2366 995 2432 Metello
1033 2367 1066 2433 0.
1095 2367 1196 2434 Furio
1237 2365 1369 2432 Placido

200 2473 307 2560 (pao)
328 2474 511 2540 consulibus
529 2474 680 2540 Metellus
700 2510 742 2520 —
761 2471 914 2538 Afrorum
938 2473 1048 2540 ducem
1073 2512 1116 2521 —
1140 2473 1314 2555 superauit’
1338 2478 1371 2539 et

200 2580 376 2647 Orosium
398 2580 523 2660 ivae
550 2581 597 2646 ‘Ia
626 2579 765 2646 Caecilio
788 2580 919 2646 Metello
947 2580 979 2646 C.
1006 2578 1109 2645 Furio
1136 2579 1270 2647 Placido
1298 2599 1370 2645 con·

201 2688 323 2780 sulibus
345 2688 534 2753 Hasdrubal
556 2707 658 2754 novus
677 2685 992 2770 Carthaginiensium
1015 2685 1191 2768 imperator
1215 2725 1258 2735 —
1280 2687 1371 2755 venit

201 2814 241 2861 ex
269 2794 382 2862 Africa
411 2799 444 2860 ct
468 2793 618 2860 continuo
647 2813 718 2860 cum
745 2793 877 2859 Metello
907 2793 1036 2859 consule
1064 2794 1149 2875 apud
1177 2794 1370 2860 Panormum

201 2920 342 2985 pugnam
365 2900 545 2968 conseruit’.

290 3007 353 3075 Sed
375 3009 456 3074 haec
479 3006 566 3074 inter
588 3005 792 3090 Polybium
816 3011 850 3072 et
867 3006 1019 3074 Livium
1042 3007 1199 3074 dissensio
1223 3008 1370 3088 quodam·

201 3114 293 3180 modo
320 3114 460 3194 tollitur,
494 3114 569 3195 quia
600 3113 634 3178 in
666 3113 833 3194 utriusque
865 3113 1052 3180 narratione
1079 3133 1189 3198 pugna
1215 3113 1371 3180 tribuitur

200 3221 277 3286 belli
310 3241 393 3288 anno
423 3225 538 3302 quarto
566 3219 701 3300 decimo,
735 3220 789 3300 qui
818 3227 1018 3303 exaequatur
1041 3240 1061 3285 a
1083 3220 1219 3302 Polybio
1248 3240 1318 3286 cum
1340 3241 1368 3286 a.

202 3329 276 3408 504,
300 3328 334 3394 in
356 3327 453 3395 fastis
477 3330 591 3392 contra
614 3344 684 3390 cum
708 3346 737 3392 a.
761 3326 834 3392 503.

290 3434 413 3500 Eadem
428 3435 555 3500 ratione
570 3432 766 3500 conveniunt
780 3452 849 3499 oum
874 3433 1047 3517 Polybi0‚
1072 3452 1153 3515 quae
1174 3433 1259 3518 apud
1282 3433 1369 3500 Dio-

203 3538 332 3606 dorum
355 3541 505 3624 leguntur
527 3540 566 3607 fr.
581 3539 697 3605 XXIV
718 3540 759 3604 14
787 3541 888 3605 εἴκοσι
914 3547 1052 3627 τέσσαρα
1082 3539 1139 3628 ἔτη
1166 3538 1370 3628 πολεμήσαν-

203 3670 254 3721 τες
279 3647 309 3712 οἱ
335 3643 486 3730 Ῥωμαῖοι
509 3650 754 3734 Καρχηδονίους.
791 3644 974 3731 Λιλύβαιον
1003 3649 1036 3714 δέ
1064 3650 1227 3735 δεκαετῆ
1255 3645 1370 3734 χρόνον

202 3751 477 3841 πολιορκήσαντες
490 3749 571 3839 πρὸς
585 3749 743 3840 ἀλλήλους
757 3751 964 3840 διελύθησαν,
979 3753 1063 3820 unde
1075 3754 1161 3820 hane
1175 3754 1370 3821 obsidionem

204 3867 339 3944 apparet
362 3858 506 3942 coepisse
533 3861 643 3926 decem
671 3858 765 3926 annis
792 3863 870 3926 ante
895 3860 973 3926 belli
999 3859 1092 3926 finem
1114 3862 1167 3928 vel
1190 3880 1272 3926 anno
1296 3861 1370 3925 504.

204 3968 304 4051 Quem
327 3968 461 4034 eundem
485 3966 616 4034 exhibet
633 3965 788 4048 Polybius
812 3967 936 4046 c.41‚3
961 3966 1032 4041 ἔτος
1054 3963 1084 4033 δ’
1107 3956 1147 4055 ἦν
1169 3973 1214 4055 uqi
1237 3967 1370 4054 πολέμῳ

204 4078 552 4160 τεσσαρεςκαιδέκατον.
585 4077 867 4158 adaequabam
895 4075 928 4140 δὲ
959 4070 1040 4159 πρὸς
1067 4070 1106 4140 τὸ
1123 4072 1306 4158 Λιλύβαιον
1328 4110 1371 4119 -

205 4179 391 4267 ἐνεχείρουν
414 4181 615 4267 πολιορκεῖν,
648 4174 699 4244 ότι
726 4178 942 4266 κρατήσαντες
964 4178 1084 4267 ταύτης
1115 4177 1371 4265 μεταβιβάσουσι

204 4283 262 4354 τὸν
281 4285 428 4370 πόλεμον
451 4287 497 4360 εἰς
520 4285 580 4375 τήν
598 4285 739 4374 Λιβύην,
763 4305 838 4351 nam
857 4285 887 4352 ei
906 4305 1024 4352 annum
1043 4285 1109 4352 504
1126 4285 1204 4353 belli
1222 4290 1370 4367 quartum

205 4392 362 4461 decimum
386 4412 456 4462 esse
478 4393 543 4460 iam
566 4393 714 4461 uidimus.
