3266 5062
718 331 938 397 *40-

242 511 296 578 vel
315 528 399 575 anno
418 510 483 576 503
503 509 635 576 Romam
655 509 783 576 mittere
802 507 957 576 statuisse
975 507 1111 574 Atilium
1129 509 1298 589 Regulum,
1317 529 1409 590 quem

243 616 408 699 captivum
436 615 651 683 detinuissent
678 617 741 682 iam
769 635 828 699 per
854 615 1018 696 quinque
1046 634 1155 681 annos.
1199 617 1410 684 Pervenimus

242 724 346 807 igitur
382 723 424 788 ad
455 742 573 789 annum
604 723 683 803 499,
720 722 796 803 qnia
827 721 960 789 Orosius
991 722 1156 788 includere
1187 723 1270 789 solet
1302 725 1411 790 ambos

243 830 400 896 terminos
422 830 457 895 in
479 828 620 896 numeris
643 829 862 922 cardinalibus
884 827 1115 911 computandis.
1160 828 1251 914 Quod
1270 831 1410 898 luculen-

243 937 368 1003 tissime
396 941 532 1020 apparet
558 935 739 1016 eIV11,4
755 934 835 1018 ‘quis
861 955 941 1020 rogo
965 935 1100 1002 duarum
1123 935 1292 1004 civitatum
1315 957 1410 1004 unum

243 1045 363 1111 bellum
385 1061 444 1125 per
466 1061 567 1110 annos
589 1048 658 1109 tres
677 1047 710 1108 et
728 1042 848 1126 viginti
865 1046 991 1126 gestum
1009 1042 1109 1109 fando
1128 1043 1306 1127 explicett’,
1330 1064 1411 1126 quae

242 1150 407 1233 pertinent
429 1151 471 1216 ad
493 1169 596 1216 annos
613 1150 799 1231 490-512,
821 1169 895 1216 nam
914 1169 1032 1215 annum
1052 1149 1126 1229 513,
1149 1169 1211 1231 quo
1229 1150 1317 1216 latae
1335 1157 1411 1218 sunt

243 1257 334 1340 pacis
366 1256 582 1337 condiciones,
613 1254 671 1322 illa
701 1257 737 1322 in
764 1256 1001 1339 computatione
1028 1256 1134 1322 omitti
1160 1257 1366 1340 cognoscitur
1392 1277 1411 1324 e

242 1363 383 1442 1V11‚3
398 1363 502 1431 ‘huius
528 1363 619 1446 pacis
646 1362 789 1430 condicio
817 1362 929 1430 habita
957 1369 1008 1429 est
1033 1369 1108 1446 post
1134 1383 1252 1431 annum
1279 1364 1410 1432 tertium

242 1475 277 1536 et
307 1471 506 1551 vicesimum,
542 1489 584 1537 ex
619 1490 681 1553 quo
717 1471 835 1536 bellum
866 1471 1022 1537 Punicum
1057 1471 1194 1555 primum
1225 1470 1333 1538 fuerat
1363 1471 1410 1536 in-

242 1578 410 1644 choatum’.

331 1683 526 1752 Diodorus
558 1685 741 1751 accuratius
773 1682 886 1750 definit
924 1683 1026 1750 cladis
1065 1689 1191 1768 tempus
1227 1683 1336 1752 verbis
1372 1683 1412 1750 fr.

243 1789 362 1856 XXIII
387 1790 428 1856 15
461 1787 760 1877 διαπολεμήσαντες
792 1791 825 1856 δὲ
858 1787 925 1857 ἀπὸ
957 1788 1082 1857 τούτων
1110 1796 1175 1857 τῶν
1202 1790 1324 1878 χρὰνων
1353 1791 1410 1880 ἔτη

242 1900 536 1963 πεντεκαίδεκα.
575 1896 704 1979 Viginti
726 1901 880 1977 quattuor
897 1896 975 1963 belli
997 1916 1097 1963 anuos
1120 1916 1191 1964 eum
1210 1902 1410 1981 computasse

242 2001 438 2085 perspicitur
461 2021 479 2068 e
505 2004 545 2070 fr.
568 2004 683 2069 XXIV
714 2004 755 2068 14
779 2002 854 2069 edit.
873 2002 1019 2069 Dindorf.
1066 2004 1168 2070 εἴκοσι
1190 2012 1328 2091 τέτταρα
1351 2004 1410 2093 ἔτη

242 2107 488 2198 πολεμήσαντες
529 2112 561 2177 oi
596 2107 747 2194 Ῥωμαῖοι
784 2114 1021 2198 Καρχηδονίους
1056 2147 1099 2158 --
1136 2108 1218 2197 πρὸς
1254 2108 1411 2199 ἀλλήλους

241 2215 442 2305 διελύθησαν
483 2221 517 2284 et
552 2217 651 2283 XXV
684 2218 703 2281 2
735 2217 774 2282 oi
810 2215 1026 2305 Καρχηδόνιοι
1057 2219 1136 2303 περὶ
1171 2223 1228 2304 τῆς
1263 2219 1411 2293 Σικελίας

240 2321 402 2405 μεγάλους
421 2322 545 2405 ἀγῶνας
562 2328 617 2389 καὶ
635 2322 802 2396 κινδύνους
822 2319 1059 2407 ὑπομείναντες
1077 2326 1132 2389 καὶ
1148 2320 1411 2409 πρόςῬωμαίοος

242 2428 346 2494 εἴκοσι
373 2437 511 2518 τέσσαρα
540 2430 597 2518 ἔτη
625 2435 765 2510 συνεχῶς
788 2429 1088 2518 διαπολεμήσαντες
1109 2467 1153 2479 -
1174 2429 1408 2518 ἐπειράθησαν.

331 2537 456 2603 Bellum
488 2537 604 2621 igitur,
637 2536 727 2603 cuius
759 2535 886 2603 initium
918 2537 1010 2619 ponit
1036 2535 1227 2604 Diodorus
1259 2540 1299 2604 ab
1325 2538 1409 2620 App.

241 2642 371 2709 Claudii
393 2662 477 2710 anno
500 2643 661 2710 consulari
690 2641 742 2729 (cf.
769 2642 809 2709 fr.
832 2643 952 2710 XXIII
968 2642 1000 2729 ll
1023 2643 1149 2725 geritur
1172 2644 1213 2710 ab
1236 2664 1321 2711 anno
1342 2645 1410 2710 490

241 2768 342 2830 usque
360 2751 402 2816 ad
421 2768 538 2816 annum
556 2750 631 2830 513,
645 2768 706 2832 quo
725 2750 766 2815 de
783 2768 914 2816 numero
933 2750 963 2817 si
980 2749 1192 2831 quindecim
1213 2789 1256 2798 -
1274 2770 1409 2832 namque

241 2855 458 2936 quindecim
476 2875 577 2923 annos
595 2856 756 2922 Romanos
775 2856 855 2922 dicit
874 2855 1044 2923 dimicasse
1061 2863 1135 2939 post
1148 2857 1268 2942 Reguli
1286 2858 1409 2924 cladem

242 2999 286 3008 -
305 2961 540 3042 deduxerimus,
558 2962 704 3030 venimus
722 2964 765 3029 ad
783 2963 860 3030 anni
878 2964 945 3029 499
964 2962 1099 3044 initium,
1123 2983 1184 3045 quo
1203 2983 1287 3030 anno
1302 2964 1410 3031 clades

241 3073 377 3151 accepta
400 3073 450 3135 est
472 3069 646 3136 secundum
667 3068 771 3146 fastos
794 3070 1014 3152 triumphales.

330 3175 441 3243 Etiam
468 3177 637 3243 Zonaras
665 3176 822 3260 Libycam
853 3195 994 3260 pugnum
1025 3176 1143 3243 tribuit
1173 3177 1299 3245 ineunti
1325 3197 1409 3244 anno

241 3285 318 3350 499.
363 3284 446 3349 Νοιο
469 3302 539 3349 earn
562 3281 728 3363 aliquanto
751 3288 825 3366 post
847 3301 987 3349 mensem
1010 3283 1087 3349 amri
1110 3285 1174 3349 498
1198 3286 1407 3352 Nouembrem

241 3390 442 3457 commissam
469 3408 540 3456 esse
569 3388 710 3454 efficitur
736 3408 754 3455 e
782 3390 864 3456 VIII
889 3391 930 3454 13
953 3390 981 3455 P
1004 3391 1021 3455 I
1045 3391 1159 3456 3901)
1190 3397 1348 3475 χειμῶνος
1374 3393 1409 3458 δὲ

242 3495 474 3580 ἐπιγενομένου
498 3493 646 3569 Μάλλιος
672 3496 734 3578 μὲν
762 3495 807 3570 εἷς
828 3491 951 3584 Ῥώμην
974 3493 1033 3562 σὺν
1056 3501 1097 3584 τή
1118 3497 1189 3583 λείη
1213 3494 1408 3579 ἀπέπλευσε,

239 3598 407 3690 Ῥηγοῦλος
434 3599 463 3669 δ’
487 3600 523 3670 ἒν
549 3607 590 3691 τῇ
617 3600 726 3690 Λιβύη
756 3598 927 3685 ὑπέμεινε,
956 3607 989 3668 et
1012 3621 1030 3667 e
1052 3603 1162 3683 rebus,
1191 3623 1270 3685 quas
1294 3604 1409 3670 deiude

243 3707 406 3775 describit.
451 3709 646 3776 Accuratius
673 3714 799 3790 tempus
828 3707 981 3775 definitur
1003 3709 1031 3774 P
1049 3710 1067 3775 I
1086 3710 1150 3775 392
1164 3711 1201 3790 Β,
1230 3711 1284 3776 ubi
1306 3710 1409 3777 cladis

241 3814 356 3882 nuntio
383 3814 517 3881 Romam
548 3815 647 3882 allato
678 3815 754 3880 inde
785 3813 947 3896 profectos
975 3833 1046 3884 esse
1072 3816 1115 3883 M.
1143 3816 1313 3883 Aemilium
1340 3815 1408 3884 Ser.

242 3921 394 3991 Fulvium
415 3940 496 3988 coss.
518 3921 596 3988 anni
618 3922 683 3986 499
707 3920 857 3986 traditur.

329 4029 460 4110 Restat,
491 4031 529 4094 ut
560 4045 763 4109 quaeramus,
801 4045 884 4109 quae
916 4045 934 4093 e
965 4028 1117 4113 Polybii
1148 4029 1335 4096 narratione
1367 4030 1407 4096 de

240 4135 336 4202 huius
360 4134 463 4201 cladis
485 4138 629 4218 tempore
652 4132 799 4199 concludi
821 4133 954 4217 possint.
989 4137 1130 4226 Ineunte
1150 4139 1276 4203 aestate
1295 4156 1322 4202 a.
1341 4135 1406 4200 498

241 4242 403 4308 Romanos
422 4241 525 4308 classe
542 4241 704 4309 Instructo
722 4244 819 4322 atque
837 4247 954 4308 ornata
972 4241 1052 4309 dicit
1065 4242 1193 4310 venisse
1207 4241 1241 4308 in
1255 4241 1407 4322 Siciliam,

240 4349 296 4415 ubi
315 4349 357 4414 ad
369 4349 544 4415 Ecnomum
563 4351 702 4413 montem
720 4347 842 4430 proelio
861 4353 1095 4432 superaverunt
1114 4347 1407 4432 Carthaginienses
