3266 5062
741 328 962 392 ..46-

268 507 403 572 duarum
427 505 595 572 civitatum
618 523 714 571 unum
737 506 856 572 bellum
883 524 941 589 per
968 524 1069 571 annos
1092 511 1161 572 tres
1184 511 1217 572 et
1240 505 1359 589 viginti
1383 523 1437 589 ge·

269 618 352 679 stum
376 612 473 678 fando
496 611 654 696 exphcet'‚
683 617 717 678 et
744 613 839 695 paulo
868 617 944 679 aute
972 612 1076 678 ‘huius
1103 612 1192 695 pacis
1216 612 1357 678 conditio
1380 613 1436 678 ha·

268 719 340 786 bita
371 724 422 786 est
452 724 527 802 post
553 737 671 785 annum
703 719 835 785 tertium
864 724 898 785 et
925 719 1124 799 vicesimum,
1157 739 1197 786 ex
1230 738 1290 800 quo
1318 719 1437 786 bellum

267 826 421 893 Punicum
446 825 582 908 primum
604 825 713 892 fuerat
735 825 936 892 inchoatum!

357 934 425 999 Nec
446 932 599 999 iudicium
621 930 839 998 labefactatur
860 932 963 1015 ipsius
986 931 1094 1000 verbis
1113 932 1160 998 IV
1181 932 1438 1011 1151111111
1510 919 1512 924 ’

268 1038 347 1106 urbe
370 1040 500 1107 condita
517 1039 615 1105 DVH
638 1037 806 1121 repentina
825 1039 990 1106 subversio
1008 1037 1110 1122 ipsius
1130 1035 1438 1121 Romae‘praevenit

268 1147 462 1230 triumphum
490 1147 706 1212 Romanorum
732 1182 775 1226 -,
804 1145 833 1211 si
865 1145 993 1226 quidem
1021 1145 1057 1229 Q.
1085 1144 1219 1212 Lutatio
1252 1145 1367 1212 Catulo
1398 1147 1436 1212 A.

268 1253 389 1321 Manlio
417 1253 600 1321 consulibus
628 1251 776 1318 diversae
802 1251 924 1336 ignium
952 1270 1169 1334 aquarumque
1196 1251 1304 1318 clades
1336 1271 1438 1335 paena

268 1361 473 1444 absumpsere
496 1358 623 1427 urbem’.
1332 1411 1334 1416 .

356 1466 524 1534 Lutatium
548 1465 631 1533 enhn
654 1464 802 1532 Catulum
822 1467 981 1533 consulem
999 1484 1152 1548 perverse
1170 1464 1286 1531 tribuit
1304 1463 1438 1531 Orosius

268 1592 351 1640 anno
375 1575 450 1653 513,
473 1591 565 1655 quem
589 1591 730 1638 errorem
751 1572 817 1638 iam
839 1571 874 1637 in
900 1572 1005 1640 Livii
1034 1572 1174 1654 epitoma
1196 1572 1298 1638 fuisse
1321 1571 1438 1638 admis-

271 1700 340 1748 sum
373 1701 413 1748 ex
440 1680 632 1747 Cassiodoro
665 1679 879 1761 cognoscitur.
925 1680 1035 1760 Neque
1065 1679 1168 1763 igitur
1199 1697 1350 1745 numerus
1374 1677 1437 1743 507

268 1788 367 1855 ullam
393 1789 529 1871 praebet
552 1786 768 1866 offensionem,
800 1786 916 1869 quippe
945 1805 1005 1867 quo
1034 1785 1236 1870 significetur
1267 1784 1439 1852 vicesimus

269 1899 403 1975 quartus
426 1894 504 1961 belli
527 1911 638 1972 annus,
661 1894 745 1973 quod
768 1891 882 1959 Orosio
907 1896 1039 1958 auctore
1061 1891 1178 1974 incipit
1201 1893 1240 1958 ab
1265 1910 1349 1957 anno
1372 1891 1438 1955 483

269 1998 541 2086 (GDLXXXHI).
587 2000 695 2080 Aque
718 2017 885 2065 numerum
907 1998 1090 2066 mendosum
1114 1998 1354 2065 cDLxxxffl
1381 2016 1438 2080 pro

269 2107 408 2190 genuino
431 2104 716 2191 ODLXXXVIP)
741 2105 795 2186 qui
813 2105 931 2171 nititur
949 2105 1054 2173 Livii
1078 2105 1274 2172 auctoritate
1292 2124 1333 2170 ex
1351 2102 1439 2170 Livii

270 2213 409 2296 epitoma
432 2212 564 2279 fluxisse
587 2211 621 2277 in
644 2211 819 2278 Orosium
842 2212 1018 2280 verisimile
1040 2212 1178 2280 uidetur.
1216 2210 1309 2294 Quod
1332 2215 1439 2276 autem

270 2318 403 2386 Orosius
430 2319 483 2385 hie
509 2319 544 2384 in
572 2320 783 2401 computando
812 2318 949 2385 exclusit
975 2319 1065 2385 illum
1097 2338 1118 2385 a
1145 2338 1206 2400 quo
1235 2321 1439 2400 computatur

268 2426 452 2506 terminum,
480 2444 551 2491 cum
579 2425 653 2491 aliis
680 2425 759 2492 locis
782 2428 952 2506 utrumque
975 2425 1120 2491 includat
1141 2425 1321 2503 terminum,
1343 2422 1439 2490 facile

270 2531 462 2614 explicatur,
490 2532 519 2598 si
549 2532 602 2598 hic
630 2530 793 2614 propriam
825 2531 1011 2598 adhibuisse
1039 2531 1244 2614 computandi
1271 2530 1439 2609 rationem,

269 2637 335 2703 illic
358 2638 477 2704 fontem
501 2644 645 2706 securium
669 2657 739 2705 esse
763 2636 911 2730 Orosium
935 2637 1115 2705 statuimus.

360 2851 379 2919 ¹)
398 2850 484 2917 Quam
501 2850 583 2906 facile
604 2849 709 2906 numeri
727 2849 753 2904 V
771 2856 801 2904 et
818 2851 833 2903 Ι
855 2849 929 2906 inter
956 2867 985 2906 se
1012 2856 1202 2919 permutentur
1224 2850 1372 2905 scribarum
1394 2864 1440 2904 ne·

271 2937 418 3009 glegentia
438 2953 471 2992 ex
480 2938 582 2994 Velleio
600 2939 744 2996 Paterculo
762 2939 828 2994 lieet
846 2955 1005 3009 cognoscere
1024 2939 1239 3006 115‚4,‘Cassio
1258 2944 1350 2994 autem
1369 2939 1439 2992 Lon-

270 3028 335 3098 gino
354 3033 382 3082 et
401 3026 492 3083 Sextio
512 3027 631 3094 Calvino,
650 3028 696 3096 qui
715 3030 819 3084 Sallues
839 3029 912 3098 apud
930 3044 1023 3096 aquas,
1043 3044 1111 3095 qnae
1130 3028 1163 3083 ab
1178 3044 1209 3083 eo
1224 3027 1333 3083 Sextiae
1348 3026 1439 3094 appel-

270 3112 369 3182 lantur,
390 3115 499 3184 devicit,
523 3105 676 3172 consuimus
694 3117 856 3174 Fabrateria
874 3117 991 3173 deducta
1009 3122 1051 3171 est
1070 3116 1167 3171 abhinc
1183 3132 1265 3170 annos
1280 3117 1364 3171 ferme
1379 3131 1440 3170 een·

271 3211 331 3260 tum
349 3205 548 3275 quinquaginta
565 3206 634 3270 tris',
653 3206 700 3260 ubi
718 3207 903 3276 apographum
922 3205 1100 3274 Amerbachii‚
1119 3205 1202 3260 editio
1221 3205 1344 3273 princeps
1363 3203 1440 3258 Basi-

272 3293 369 3349 leensis
388 3295 491 3351 hebent
509 3294 616 3361 CLVII,
635 3311 715 3363 quem
733 3311 875 3350 numerum
894 3294 1057 3350 Krousius
1075 3301 1149 3350 recte
1169 3293 1331 3350 emendavit.
