3266 5062
525 952 595 1066 De
641 951 764 1067 bello
810 953 988 1067 Punico
1033 955 1202 1104 primo.

570 1185 622 1252 lle
642 1185 735 1252 belli
752 1185 887 1252 Punici
901 1185 1015 1270 pslmi
1033 1186 1157 1254 Initio.

366 1362 452 1429 Belli
474 1362 590 1430 Punici
612 1362 709 1445 primi
732 1362 786 1443 qui
810 1362 938 1430 exstitit
961 1368 1074 1430 auctor
1096 1364 1365 1448 locupletissimus
1388 1365 1448 1430 Po-

279 1470 388 1555 lybius
411 1471 505 1537 docet
528 1469 609 1556 (15)
637 1471 739 1553 primo
769 1468 959 1554 olympiadis
983 1469 1154 1536 1291110
1178 1471 1339 1538 Romanos
1362 1476 1452 1538 tran·
1517 1547 1524 1565 Ο

279 1578 373 1645 siisse
394 1577 532 1660 primum
550 1577 585 1642 in
603 1576 755 1644 Siciliam.
785 1575 878 1660 Quod
897 1595 966 1643 oum
986 1595 1027 1642 ex
1046 1576 1092 1642 eis
1111 1596 1193 1657 quae
1211 1577 1298 1644 infra
1317 1578 1346 1665 (I
1359 1579 1408 1658 11,
1418 1577 1452 1662 3)

277 1689 393 1752 narrat
414 1689 573 1767 appareat
594 1684 716 1751 factum
740 1703 811 1751 esse
829 1683 912 1767 App.
932 1683 1066 1750 Claudio
1089 1703 1152 1750 cos,
1171 1685 1285 1750 49011.
1305 1683 1374 1771 01),
1392 1685 1453 1750 hoc

278 1810 351 1858 cum
380 1810 464 1857 anno
496 1790 796 1876 Mommseniusb
828 1795 862 1858 et
893 1789 1196 1877 Holzapfelius⁸)
1229 1799 1452 1872 exaequarunt

277 1895 471 1981 olympiadis
496 1896 560 1962 129
582 1895 729 1978 primum.
775 1897 896 1964 Contra
918 1891 1164 1983 Matzatius⁴)
1187 1897 1276 1964 illum
1300 1897 1453 1982 olympia-

279 2003 329 2070 dis
354 2004 418 2069 129
440 2022 559 2070 annum
580 2007 677 2085 putat
704 2023 882 2087 congruere
909 2023 980 2070 curn
1010 2022 1093 2070 anno
1107 2006 1192 2084 491,
1215 2005 1291 2085 quia
1314 2023 1335 2070 a
1356 2005 1452 2087 Poly-

277 2111 330 2176 bio
348 2111 401 2176 IH
412 2110 463 2191 16,
474 2113 492 2175 7
503 2112 551 2178 IV
561 2113 612 2191 66,
622 2112 729 2177 8-11
742 2114 900 2192 aequatur
919 2110 1111 2196 olympiadis
1131 2111 1196 2177 149
1213 2110 1336 2195 primus
1349 2130 1453 2178 annus

280 2236 353 2282 cum
375 2217 413 2283 L.
436 2217 568 2284 Aemilii
589 2219 698 2285 Paulli
724 2219 908 2299 consulatu,
942 2237 1034 2298 quern
1065 2216 1167 2284 fuisse
1199 2237 1283 2285 anno
1311 2219 1376 2284 535
1400 2221 1453 2284 sat

280 2328 416 2404 constat,
440 2343 523 2405 quae
546 2324 751 2407 computandi
778 2324 863 2392 ratio
888 2325 1095 2391 confirmatur
1117 2324 1187 2391 loco
1210 2324 1241 2391 V
1261 2325 1334 2404 105,
1344 2325 1374 2402 3,
1397 2324 1453 2392 ubi

279 2449 390 2514 pugna
412 2431 454 2496 ad
476 2431 581 2498 lacum
607 2429 895 2517 Trasumennum)
922 2431 1043 2497 dieitur
1071 2431 1238 2498 commissa
1260 2450 1332 2498 esse
1354 2431 1451 2498 tertio

279 2535 471 2620 olympiadis
496 2538 560 2603 140
582 2557 675 2604 anne.

369 2643 462 2727 Quod
492 2663 571 2712 vero
602 2645 818 2711 Romanorum
855 2644 1016 2711 transitus
1047 2643 1117 2727 ipse
1147 2644 1255 2711 factus
1287 2650 1338 2712 est
1370 2645 1453 2729 App.

282 2750 416 2818 Claudio
449 2769 512 2817 cos.
535 2751 611 2831 499,
643 2753 727 2818 hano
758 2750 983 2818 difficultatem
1014 2751 1227 2818 Matzatius
1258 2751 1306 2818 ita
1337 2752 1453 2819 tollere

281 2857 399 2936 studet,
422 2861 460 2923 ut
483 2857 522 2922 ol.
548 2858 649 2938 129,1
678 2857 805 2925 initium
829 2862 975 2926 autumet
996 2856 1148 2924 incidisse
1170 2856 1204 2922 in
1222 2858 1316 2926 finem
1335 2879 1363 2926 a.
1377 2859 1453 2926 490.

370 2963 514 3029 Primum
540 2964 643 3048 igitur
665 2964 730 3032 erit
752 2966 979 3047 quaerendum,
1006 2965 1132 3046 quando
1159 2970 1226 3030 tum
1255 2964 1382 3032 initium
1405 2985 1454 3032 ce·

281 3069 392 3154 perint
416 3075 449 3136 et
472 3071 670 3154 olympiades
697 3078 731 3139 et
758 3072 835 3139 anni
858 3071 1051 3138 consulares
1097 3071 1395 3141 Demonstravimus
1418 3073 1454 3140 in

279 3177 388 3261 priore
411 3177 506 3244 buius
529 3179 806 3244 commentationis
834 3183 928 3261 parte
946 3177 1075 3260 Polybii
1093 3177 1290 3262 olympiades
1309 3171 1455 3262 coepisse

280 3285 321 3350 ab
345 3284 455 3350 eodem
478 3288 630 3367 tempore,
654 3304 715 3366 quo
739 3287 919 3368 agebantur
938 3283 1097 3369 Olympia.
1134 3284 1326 3352 Consulares
1345 3292 1455 3353 autem

280 3390 359 3456 anni
381 3395 450 3458 tum
474 3391 582 3458 exorsi
605 3398 681 3459 sunt
704 3397 741 3458 ut
762 3390 849 3459 infra
872 3389 914 3478 (p.
934 3391 990 3478 30)
1009 3391 1239 3474 explicabimus
1258 3412 1279 3459 a
1296 3393 1455 3460 Kalendis

279 3497 386 3564 Maiis.
430 3499 546 3579 Itaque
579 3518 650 3565 cum
680 3498 738 3566 illa
769 3503 878 3566 aetate
910 3516 1016 3564 annus
1048 3496 1227 3565 consularis
1254 3501 1295 3564 ab
1320 3498 1455 3566 ineunte

280 3603 368 3670 Maio
391 3610 539 3671 comeret
566 3624 667 3686 usque
701 3607 743 3672 ad
770 3605 904 3672 eundem
927 3622 1076 3685 mensem,
1100 3603 1257 3688 olympias
1280 3608 1321 3672 ab
1345 3605 1455 3690 Olym·

280 3710 407 3794 piorum
429 3715 573 3794 tempore
595 3731 697 3792 usque
720 3713 762 3777 ad
786 3715 956 3793 sequentes
980 3711 1048 3777 dies
1071 3711 1182 3792 festos,
1208 3711 1304 3779 huius
1326 3713 1457 3779 initium

281 3817 391 3900 putari
421 3817 535 3899 nequit
561 3818 713 3885 incidisse
743 3818 779 3882 in
810 3817 889 3883 anni
919 3817 1098 3885 considaris
1129 3819 1232 3884 finem
1279 3817 1343 3886 Sed
1370 3838 1456 3886 anno

372 3995 391 4064 ¹)
411 4011 502 4050 aeram
519 4011 680 4063 usurpamus
699 3994 903 4049 Varronianam.
961 3985 963 3991 '

371 4084 391 4153 ²)
411 4083 502 4139 110101.
524 4083 644 4139 Obroaol.
664 4100 690 4152 p.
710 4083 770 4138 202.

372 4173 392 4242 ³)
413 4173 534 4228 Chronol.
553 4189 579 4240 p.
599 4175 623 4228 2.
643 4175 667 4228 7.

371 4262 392 4332 ⁴)
410 4262 482 4318 Isitt.
502 4261 645 4318 Centrolbl.
666 4263 744 4318 1885.
763 4277 788 4331 p.
808 4263 886 4318 1412.

372 4352 552 4421 bdpst
