<?xml version="1.0" encoding="UTF-8"?>
<!DOCTYPE html PUBLIC "-//W3C//DTD XHTML 1.0 Transitional//EN"
    "http://www.w3.org/TR/xhtml1/DTD/xhtml1-transitional.dtd">
<html xmlns="http://www.w3.org/1999/xhtml" xml:lang="en" lang="en">
 <head>
  <title>
</title>
<meta http-equiv="Content-Type" content="text/html;charset=utf-8" />
  <meta name='ocr-system' content='tesseract 3.04.00' />
  <meta name='ocr-capabilities' content='ocr_page ocr_carea ocr_par ocr_line ocrx_word'/>
</head>
<body>
  <div class='ocr_page' id='page_1' title='image "./depolybiiolympi00seipgoog_0055.png"; bbox 0 0 3266 5062; ppageno 0'>
   <div class='ocr_carea' id='block_1_1' title="bbox 716 371 937 438">
    <p class='ocr_par' dir='ltr' id='par_1_1' title="bbox 716 371 937 438">
     <span class='ocr_line' id='line_1_1' title="bbox 716 371 937 438; baseline -0.005 -19"><span class='ocrx_word' id='word_1_1' title='bbox 716 371 937 438; x_wconf 70' lang='lat'>..50-</span> 
     </span>
    </p>
   </div>
   <div class='ocr_carea' id='block_1_2' title="bbox 195 547 1465 2338">
    <p class='ocr_par' dir='ltr' id='par_1_2' title="bbox 237 547 1416 856">
     <span class='ocr_line' id='line_1_2' title="bbox 239 547 1415 638; baseline -0.009 -17"><span class='ocrx_word' id='word_1_2' title='bbox 239 574 260 621; x_wconf 91' lang='lat' dir='ltr'>a</span> <span class='ocrx_word' id='word_1_3' title='bbox 283 551 459 620; x_wconf 86' lang='lat' dir='ltr'>M&#39;Valerio</span> <span class='ocrx_word' id='word_1_4' title='bbox 487 550 630 618; x_wconf 78' lang='lat' dir='ltr'>Messala</span> <span class='ocrx_word' id='word_1_5' title='bbox 659 569 720 616; x_wconf 90' lang='lat' dir='ltr'>cos.</span> <span class='ocrx_word' id='word_1_6' title='bbox 745 549 862 616; x_wconf 78' lang='lat' dir='ltr'>catha</span> <span class='ocrx_word' id='word_1_7' title='bbox 890 553 987 631; x_wconf 86' lang='lat' dir='ltr'>capta</span> <span class='ocrx_word' id='word_1_8' title='bbox 1014 549 1048 638; x_wconf 88' lang='lat' dir='ltr'>in</span> <span class='ocrx_word' id='word_1_9' title='bbox 1071 547 1182 614; x_wconf 80' lang='lat' dir='ltr'>Sicilia</span> <span class='ocrx_word' id='word_1_10' title='bbox 1210 547 1415 629; x_wconf 89' lang='lat' dir='ltr'>deportatum</span> 
     </span>
     <span class='ocr_line' id='line_1_3' title="bbox 239 643 1416 742; baseline -0.009 -15"><span class='ocrx_word' id='word_1_11' title='bbox 239 661 315 727; x_wconf 90' lang='lat' dir='ltr'>inde</span> <span class='ocrx_word' id='word_1_12' title='bbox 328 664 413 742; x_wconf 91' lang='lat' dir='ltr'>post</span> <span class='ocrx_word' id='word_1_13' title='bbox 435 658 536 724; x_wconf 87' lang='lat' dir='ltr'>XXX</span> <span class='ocrx_word' id='word_1_14' title='bbox 562 676 663 724; x_wconf 88' lang='lat' dir='ltr'>annos</span> <span class='ocrx_word' id='word_1_15' title='bbox 694 667 788 738; x_wconf 82' lang='lat' dir='ltr'>quam</span> <span class='ocrx_word' id='word_1_16' title='bbox 815 657 855 723; x_wconf 91' lang='lat' dir='ltr'>de</span> <span class='ocrx_word' id='word_1_17' title='bbox 878 643 1054 738; x_wconf 80' lang='lat' dir='ltr'>Papiriano</span> <span class='ocrx_word' id='word_1_18' title='bbox 1082 653 1248 738; x_wconf 90' lang='lat' dir='ltr'>horologio</span> <span class='ocrx_word' id='word_1_19' title='bbox 1272 653 1416 718; x_wconf 75' lang='lat' dir='ltr'>traditur</span> 
     </span>
     <span class='ocr_line' id='line_1_4' title="bbox 237 757 1363 856; baseline -0.006 -24"><span class='ocrx_word' id='word_1_20' title='bbox 237 785 321 832; x_wconf 90' lang='lat' dir='ltr'>anno</span> <span class='ocrx_word' id='word_1_21' title='bbox 344 764 434 856; x_wconf 88' lang='lat' dir='ltr'>urhis</span> <span class='ocrx_word' id='word_1_22' title='bbox 458 763 741 830; x_wconf 82' lang='lat' dir='ltr'>OOOCLXXVH’.</span> <span class='ocrx_word' id='word_1_23' title='bbox 1027 757 1032 848; x_wconf 11' lang='grc' dir='ltr'>’ἵ</span> <span class='ocrx_word' id='word_1_24' title='bbox 1354 839 1363 856; x_wconf 47' lang='lat'><strong>·</strong></span> 
     </span>
    </p>

    <p class='ocr_par' dir='ltr' id='par_1_3' title="bbox 239 867 1465 1274">
     <span class='ocr_line' id='line_1_5' title="bbox 329 867 1412 951; baseline -0.006 -13"><span class='ocrx_word' id='word_1_25' title='bbox 329 872 406 938; x_wconf 82' lang='lat' dir='ltr'>Cum</span> <span class='ocrx_word' id='word_1_26' title='bbox 432 871 516 951; x_wconf 88' lang='lat' dir='ltr'>quod</span> <span class='ocrx_word' id='word_1_27' title='bbox 543 871 640 939; x_wconf 84' lang='lat' dir='ltr'>valde</span> <span class='ocrx_word' id='word_1_28' title='bbox 664 870 839 937; x_wconf 72' lang='lat' dir='ltr'>&#39;dolendum</span> <span class='ocrx_word' id='word_1_29' title='bbox 867 888 1018 936; x_wconf 88' lang='lat' dir='ltr'>numerus</span> <span class='ocrx_word' id='word_1_30' title='bbox 1046 867 1315 936; x_wconf 81' lang='lat' dir='ltr'>OOOCLXXVII</span> <span class='ocrx_word' id='word_1_31' title='bbox 1337 867 1412 933; x_wconf 90' lang='lat' dir='ltr'>scri·</span> 
     </span>
     <span class='ocr_line' id='line_1_6' title="bbox 239 973 1416 1068; baseline -0.004 -25"><span class='ocrx_word' id='word_1_32' title='bbox 239 981 353 1045; x_wconf 86' lang='lat' dir='ltr'>barum</span> <span class='ocrx_word' id='word_1_33' title='bbox 384 978 594 1062; x_wconf 79' lang='lat' dir='ltr'>neglegentia</span> <span class='ocrx_word' id='word_1_34' title='bbox 622 977 666 1043; x_wconf 92' lang='lat' dir='ltr'>sit</span> <span class='ocrx_word' id='word_1_35' title='bbox 693 981 879 1059; x_wconf 81' lang='lat' dir='ltr'>corruptus,</span> <span class='ocrx_word' id='word_1_36' title='bbox 907 977 953 1042; x_wconf 88' lang='lat' dir='ltr'>nil</span> <span class='ocrx_word' id='word_1_37' title='bbox 982 975 1123 1042; x_wconf 88' lang='lat' dir='ltr'>efficitur</span> <span class='ocrx_word' id='word_1_38' title='bbox 1153 973 1275 1053; x_wconf 84' lang='lat' dir='ltr'>verbis,</span> <span class='ocrx_word' id='word_1_39' title='bbox 1307 991 1416 1068; x_wconf 84' lang='lat' dir='ltr'>quarn·</span> 
     </span>
     <span class='ocr_line' id='line_1_7' title="bbox 240 1066 1465 1168; baseline -0.005 -16"><span class='ocrx_word' id='word_1_40' title='bbox 240 1095 332 1167; x_wconf 87' lang='lat' dir='ltr'>qnam</span> <span class='ocrx_word' id='word_1_41' title='bbox 354 1084 482 1168; x_wconf 88' lang='lat' dir='ltr'>singula</span> <span class='ocrx_word' id='word_1_42' title='bbox 501 1083 589 1150; x_wconf 82' lang='lat' dir='ltr'>facta</span> <span class='ocrx_word' id='word_1_43' title='bbox 602 1085 668 1149; x_wconf 69' lang='lat' dir='ltr'>&#39;hoc</span> <span class='ocrx_word' id='word_1_44' title='bbox 686 1085 756 1149; x_wconf 91' lang='lat' dir='ltr'>loco</span> <span class='ocrx_word' id='word_1_45' title='bbox 776 1087 1022 1149; x_wconf 87' lang='lat' dir='ltr'>commemorata</span> <span class='ocrx_word' id='word_1_46' title='bbox 1041 1081 1139 1148; x_wconf 88' lang='lat' dir='ltr'>certis</span> <span class='ocrx_word' id='word_1_47' title='bbox 1158 1079 1252 1147; x_wconf 89' lang='lat' dir='ltr'>annis</span> <span class='ocrx_word' id='word_1_48' title='bbox 1269 1079 1416 1146; x_wconf 88' lang='lat' dir='ltr'>tribuere</span> <span class='ocrx_word' id='word_1_49' title='bbox 1459 1066 1465 1074; x_wconf 69' lang='grc'><strong>’</strong></span> 
     </span>
     <span class='ocr_line' id='line_1_8' title="bbox 239 1181 1285 1274; baseline -0.006 -17"><span class='ocrx_word' id='word_1_50' title='bbox 239 1209 417 1274; x_wconf 88' lang='lat' dir='ltr'>possumus.</span> <span class='ocrx_word' id='word_1_51' title='bbox 770 1181 772 1186; x_wconf 73' lang='grc'>’</span> <span class='ocrx_word' id='word_1_52' title='bbox 1284 1186 1285 1190; x_wconf 74' lang='grc'>’</span> 
     </span>
    </p>

    <p class='ocr_par' dir='ltr' id='par_1_4' title="bbox 195 1293 1450 2338">
     <span class='ocr_line' id='line_1_9' title="bbox 328 1293 1436 1381; baseline -0.005 -18"><span class='ocrx_word' id='word_1_53' title='bbox 328 1297 397 1381; x_wconf 79' lang='lat' dir='ltr'>Quo</span> <span class='ocrx_word' id='word_1_54' title='bbox 431 1297 514 1363; x_wconf 91' lang='lat' dir='ltr'>enim</span> <span class='ocrx_word' id='word_1_55' title='bbox 547 1302 692 1378; x_wconf 85' lang='lat' dir='ltr'>tempore</span> <span class='ocrx_word' id='word_1_56' title='bbox 724 1301 881 1364; x_wconf 87' lang='lat' dir='ltr'>statutum</span> <span class='ocrx_word' id='word_1_57' title='bbox 915 1296 959 1362; x_wconf 87' lang='lat' dir='ltr'>sit</span> <span class='ocrx_word' id='word_1_58' title='bbox 991 1294 1193 1376; x_wconf 79' lang='lat' dir='ltr'>horologium</span> <span class='ocrx_word' id='word_1_59' title='bbox 1225 1293 1436 1375; x_wconf 15' lang='lat' dir='ltr'>concludere*</span> 
     </span>
     <span class='ocr_line' id='line_1_10' title="bbox 237 1399 1415 1486; baseline -0.004 -17"><span class='ocrx_word' id='word_1_60' title='bbox 237 1404 315 1470; x_wconf 88' lang='lat' dir='ltr'>licet</span> <span class='ocrx_word' id='word_1_61' title='bbox 348 1423 367 1470; x_wconf 90' lang='lat' dir='ltr'>e</span> <span class='ocrx_word' id='word_1_62' title='bbox 397 1404 605 1486; x_wconf 84' lang='lat' dir='ltr'>paragrapho</span> <span class='ocrx_word' id='word_1_63' title='bbox 637 1403 845 1470; x_wconf 83' lang='lat' dir='ltr'>antecedenti</span> <span class='ocrx_word' id='word_1_64' title='bbox 864 1401 1035 1485; x_wconf 87' lang='lat' dir='ltr'>.‘princeps</span> <span class='ocrx_word' id='word_1_65' title='bbox 1072 1400 1226 1467; x_wconf 88' lang='lat' dir='ltr'>Romanis</span> <span class='ocrx_word' id='word_1_66' title='bbox 1263 1399 1415 1465; x_wconf 85' lang='lat' dir='ltr'>solarium</span> 
     </span>
     <span class='ocr_line' id='line_1_11' title="bbox 237 1493 1414 1594; baseline -0.006 -17"><span class='ocrx_word' id='word_1_67' title='bbox 237 1510 441 1594; x_wconf 85' lang='lat' dir='ltr'>horologium</span> <span class='ocrx_word' id='word_1_68' title='bbox 466 1509 622 1576; x_wconf 83' lang='lat' dir='ltr'>statuisse</span> <span class='ocrx_word' id='word_1_69' title='bbox 644 1515 721 1576; x_wconf 89' lang='lat' dir='ltr'>ante</span> <span class='ocrx_word' id='word_1_70' title='bbox 744 1493 917 1576; x_wconf 85' lang='lat' dir='ltr'>undecim</span> <span class='ocrx_word' id='word_1_71' title='bbox 947 1527 1048 1574; x_wconf 87' lang='lat' dir='ltr'>annos</span> <span class='ocrx_word' id='word_1_72' title='bbox 1076 1528 1169 1589; x_wconf 90' lang='lat' dir='ltr'>quam</span> <span class='ocrx_word' id='word_1_73' title='bbox 1193 1525 1264 1573; x_wconf 90' lang='lat' dir='ltr'>cum</span> <span class='ocrx_word' id='word_1_74' title='bbox 1287 1505 1414 1588; x_wconf 91' lang='lat' dir='ltr'>Pyrrho</span> 
     </span>
     <span class='ocr_line' id='line_1_12' title="bbox 239 1613 1415 1700; baseline -0.004 -18"><span class='ocrx_word' id='word_1_75' title='bbox 239 1618 395 1684; x_wconf 87' lang='lat' dir='ltr'>bellatum</span> <span class='ocrx_word' id='word_1_76' title='bbox 414 1621 473 1682; x_wconf 88' lang='lat' dir='ltr'>est</span> <span class='ocrx_word' id='word_1_77' title='bbox 501 1619 543 1682; x_wconf 87' lang='lat' dir='ltr'>ad</span> <span class='ocrx_word' id='word_1_78' title='bbox 571 1617 683 1683; x_wconf 91' lang='lat' dir='ltr'>aedem</span> <span class='ocrx_word' id='word_1_79' title='bbox 707 1615 834 1700; x_wconf 78' lang='lat' dir='ltr'>Quirini</span> <span class='ocrx_word' id='word_1_80' title='bbox 857 1615 894 1680; x_wconf 86' lang='lat' dir='ltr'>L.</span> <span class='ocrx_word' id='word_1_81' title='bbox 919 1615 1071 1697; x_wconf 87' lang='lat' dir='ltr'>Papirius</span> <span class='ocrx_word' id='word_1_82' title='bbox 1099 1615 1218 1680; x_wconf 82' lang='lat' dir='ltr'>Cursor</span> <span class='ocrx_word' id='word_1_83' title='bbox 1242 1628 1285 1662; x_wconf 84' lang='lat'>-·-</span> <span class='ocrx_word' id='word_1_84' title='bbox 1309 1632 1338 1684; x_wconf 84' lang='lat' dir='ltr'>a¹</span> <span class='ocrx_word' id='word_1_85' title='bbox 1351 1613 1415 1677; x_wconf 80' lang='lat' dir='ltr'>Fa·</span> 
     </span>
     <span class='ocr_line' id='line_1_13' title="bbox 238 1719 1450 1806; baseline -0.005 -16"><span class='ocrx_word' id='word_1_86' title='bbox 238 1725 291 1790; x_wconf 90' lang='lat' dir='ltr'>bio</span> <span class='ocrx_word' id='word_1_87' title='bbox 316 1723 443 1790; x_wconf 84' lang='lat' dir='ltr'>Vestali</span> <span class='ocrx_word' id='word_1_88' title='bbox 466 1723 631 1806; x_wconf 87' lang='lat' dir='ltr'>proditur’.</span> <span class='ocrx_word' id='word_1_89' title='bbox 679 1722 771 1806; x_wconf 80' lang='lat' dir='ltr'>Quod</span> <span class='ocrx_word' id='word_1_90' title='bbox 794 1722 910 1788; x_wconf 89' lang='lat' dir='ltr'>bellum</span> <span class='ocrx_word' id='word_1_91' title='bbox 936 1722 1079 1803; x_wconf 88' lang='lat' dir='ltr'>coepisse</span> <span class='ocrx_word' id='word_1_92' title='bbox 1098 1741 1125 1786; x_wconf 89' lang='lat' dir='ltr'>a.</span> <span class='ocrx_word' id='word_1_93' title='bbox 1144 1719 1210 1784; x_wconf 80' lang='grc'>472</span> <span class='ocrx_word' id='word_1_94' title='bbox 1228 1720 1298 1802; x_wconf 88' lang='lat' dir='ltr'>ipsa</span> <span class='ocrx_word' id='word_1_95' title='bbox 1321 1720 1417 1784; x_wconf 88' lang='lat' dir='ltr'>docet</span> <span class='ocrx_word' id='word_1_96' title='bbox 1448 1753 1450 1756; x_wconf 96' lang='lat'>·</span> 
     </span>
     <span class='ocr_line' id='line_1_14' title="bbox 238 1824 1416 1924; baseline -0.004 -28"><span class='ocrx_word' id='word_1_97' title='bbox 238 1834 305 1904; x_wconf 83' lang='lat' dir='ltr'>net.</span> <span class='ocrx_word' id='word_1_98' title='bbox 329 1830 403 1895; x_wconf 87' lang='lat' dir='ltr'>hist.</span> <span class='ocrx_word' id='word_1_99' title='bbox 423 1830 507 1895; x_wconf 88' lang='lat' dir='ltr'>VIII</span> <span class='ocrx_word' id='word_1_100' title='bbox 528 1830 568 1895; x_wconf 82' lang='lat'>16</span> <span class='ocrx_word' id='word_1_101' title='bbox 592 1829 790 1924; x_wconf 88' lang='lat' dir='ltr'>‘elephantos</span> <span class='ocrx_word' id='word_1_102' title='bbox 809 1829 908 1895; x_wconf 89' lang='lat' dir='ltr'>Italia</span> <span class='ocrx_word' id='word_1_103' title='bbox 925 1829 1063 1911; x_wconf 87' lang='lat' dir='ltr'>primum</span> <span class='ocrx_word' id='word_1_104' title='bbox 1081 1827 1166 1895; x_wconf 80' lang='lat' dir='ltr'>vidit</span> <span class='ocrx_word' id='word_1_105' title='bbox 1184 1826 1305 1909; x_wconf 87' lang='lat' dir='ltr'>Pyrrhi</span> <span class='ocrx_word' id='word_1_106' title='bbox 1326 1824 1416 1908; x_wconf 88' lang='lat' dir='ltr'>regis</span> 
     </span>
     <span class='ocr_line' id='line_1_15' title="bbox 238 1931 1417 2018; baseline -0.005 -16"><span class='ocrx_word' id='word_1_107' title='bbox 238 1937 324 2002; x_wconf 87' lang='lat' dir='ltr'>bello</span> <span class='ocrx_word' id='word_1_108' title='bbox 352 1940 386 2001; x_wconf 87' lang='lat' dir='ltr'>et</span> <span class='ocrx_word' id='word_1_109' title='bbox 412 1936 512 2003; x_wconf 82' lang='lat' dir='ltr'>boves</span> <span class='ocrx_word' id='word_1_110' title='bbox 539 1935 647 2002; x_wconf 88' lang='lat' dir='ltr'>Lucas</span> <span class='ocrx_word' id='word_1_111' title='bbox 675 1932 854 2018; x_wconf 82' lang='lat' dir='ltr'>appellavit</span> <span class='ocrx_word' id='word_1_112' title='bbox 880 1936 915 2001; x_wconf 90' lang='lat' dir='ltr'>in</span> <span class='ocrx_word' id='word_1_113' title='bbox 938 1934 1081 2001; x_wconf 86' lang='lat' dir='ltr'>Lucanis</span> <span class='ocrx_word' id='word_1_114' title='bbox 1108 1934 1195 2000; x_wconf 79' lang='lat' dir='ltr'>visos</span> <span class='ocrx_word' id='word_1_115' title='bbox 1218 1950 1302 1998; x_wconf 91' lang='lat' dir='ltr'>auno</span> <span class='ocrx_word' id='word_1_116' title='bbox 1325 1931 1417 1998; x_wconf 87' lang='lat' dir='ltr'>urbis</span> 
     </span>
     <span class='ocr_line' id='line_1_16' title="bbox 238 2038 1416 2126; baseline -0.006 -18"><span class='ocrx_word' id='word_1_117' title='bbox 238 2041 492 2108; x_wconf 80' lang='lat' dir='ltr'>ececLXXJI’.</span> <span class='ocrx_word' id='word_1_118' title='bbox 517 2041 639 2126; x_wconf 81' lang='lat' dir='ltr'>Quodsi</span> <span class='ocrx_word' id='word_1_119' title='bbox 654 2046 859 2124; x_wconf 88' lang='lat' dir='ltr'>computatur</span> <span class='ocrx_word' id='word_1_120' title='bbox 873 2042 1035 2106; x_wconf 76' lang='lat'>472-11</span> <span class='ocrx_word' id='word_1_121' title='bbox 1046 2039 1084 2124; x_wconf 58' lang='lat' dir='ltr'>l—</span> <span class='ocrx_word' id='word_1_122' title='bbox 1094 2041 1138 2105; x_wconf 87' lang='lat'>30</span> <span class='ocrx_word' id='word_1_123' title='bbox 1148 2039 1288 2106; x_wconf 87' lang='lat' dir='ltr'>efficitur</span> <span class='ocrx_word' id='word_1_124' title='bbox 1297 2058 1325 2104; x_wconf 88' lang='lat' dir='ltr'>a.</span> <span class='ocrx_word' id='word_1_125' title='bbox 1339 2038 1416 2117; x_wconf 88' lang='grc'>491,</span> 
     </span>
     <span class='ocr_line' id='line_1_17' title="bbox 238 2145 1417 2230; baseline -0.006 -14"><span class='ocrx_word' id='word_1_126' title='bbox 238 2148 295 2230; x_wconf 82' lang='lat' dir='ltr'>qui</span> <span class='ocrx_word' id='word_1_127' title='bbox 344 2168 421 2215; x_wconf 93' lang='lat' dir='ltr'>num</span> <span class='ocrx_word' id='word_1_128' title='bbox 471 2147 676 2230; x_wconf 86' lang='lat' dir='ltr'>accipiendus</span> <span class='ocrx_word' id='word_1_129' title='bbox 727 2149 789 2228; x_wconf 88' lang='lat' dir='ltr'>sit,</span> <span class='ocrx_word' id='word_1_130' title='bbox 839 2153 973 2230; x_wconf 91' lang='lat' dir='ltr'>propter</span> <span class='ocrx_word' id='word_1_131' title='bbox 1020 2159 1186 2214; x_wconf 85' lang='lat' dir='ltr'>numerum</span> <span class='ocrx_word' id='word_1_132' title='bbox 1231 2145 1417 2210; x_wconf 91' lang='lat' dir='ltr'>mendosum</span> 
     </span>
     <span class='ocr_line' id='line_1_18' title="bbox 195 2241 1310 2338; baseline -0.001 -18"><span class='ocrx_word' id='word_1_133' title='bbox 195 2275 201 2290; x_wconf 88' lang='lat'><strong>·</strong></span> <span class='ocrx_word' id='word_1_134' title='bbox 238 2254 507 2322; x_wconf 78' lang='lat' dir='ltr'>OOOCLXXVII</span> <span class='ocrx_word' id='word_1_135' title='bbox 529 2273 594 2326; x_wconf 90' lang='lat' dir='ltr'>uon</span> <span class='ocrx_word' id='word_1_136' title='bbox 616 2259 725 2336; x_wconf 87' lang='lat' dir='ltr'>potest</span> <span class='ocrx_word' id='word_1_137' title='bbox 749 2254 907 2338; x_wconf 87' lang='lat' dir='ltr'>cognosci.</span> <span class='ocrx_word' id='word_1_138' title='bbox 1309 2241 1310 2244; x_wconf 47' lang='lat'>&#39;</span> 
     </span>
    </p>
   </div>
   <div class='ocr_carea' id='block_1_3' title="bbox 0 0 1638 5060">
    <p class='ocr_par' dir='ltr' id='par_1_5' title="bbox 0 0 1638 5060">
     <span class='ocr_line' id='line_1_19' title="bbox 0 0 1638 5060; baseline 0 0"><span class='ocrx_word' id='word_1_139' title='bbox 0 0 1638 5060; x_wconf 95' lang='lat' dir='ltr'> </span> 
     </span>
    </p>
   </div>
  </div>
 </body>
</html>
