<?xml version="1.0" encoding="UTF-8"?>
<!DOCTYPE html PUBLIC "-//W3C//DTD XHTML 1.0 Transitional//EN"
    "http://www.w3.org/TR/xhtml1/DTD/xhtml1-transitional.dtd">
<html xmlns="http://www.w3.org/1999/xhtml" xml:lang="en" lang="en">
 <head>
  <title>
</title>
<meta http-equiv="Content-Type" content="text/html;charset=utf-8" />
  <meta name='ocr-system' content='tesseract 3.04.00' />
  <meta name='ocr-capabilities' content='ocr_page ocr_carea ocr_par ocr_line ocrx_word'/>
</head>
<body>
  <div class='ocr_page' id='page_1' title='image "./depolybiiolympi00seipgoog_0041.png"; bbox 0 0 3266 5062; ppageno 0'>
   <div class='ocr_carea' id='block_1_1' title="bbox 723 304 945 371">
    <p class='ocr_par' dir='ltr' id='par_1_1' title="bbox 723 304 945 371">
     <span class='ocr_line' id='line_1_1' title="bbox 723 304 945 371; baseline 0 -19"><span class='ocrx_word' id='word_1_1' title='bbox 723 304 945 371; x_wconf 77' lang='grc'>..36-</span> 
     </span>
    </p>
   </div>
   <div class='ocr_carea' id='block_1_2' title="bbox 247 475 1421 1845">
    <p class='ocr_par' dir='ltr' id='par_1_2' title="bbox 249 475 1421 672">
     <span class='ocr_line' id='line_1_2' title="bbox 249 475 1421 567; baseline 0.005 -22"><span class='ocrx_word' id='word_1_2' title='bbox 249 475 358 546; x_wconf 82' lang='grc' dir='ltr'><em>αύιῶν</em></span> <span class='ocrx_word' id='word_1_3' title='bbox 378 478 564 563; x_wconf 76' lang='grc' dir='ltr'><strong><em>ἐξέπεμπον</em></strong></span> <span class='ocrx_word' id='word_1_4' title='bbox 581 480 729 548; x_wconf 77' lang='grc' dir='ltr'><em>Λεύκων</em></span> <span class='ocrx_word' id='word_1_5' title='bbox 747 478 892 563; x_wconf 79' lang='grc' dir='ltr'><em>Ἰούνιον,</em></span> <span class='ocrx_word' id='word_1_6' title='bbox 910 483 996 550; x_wconf 84' lang='lat' dir='ltr'><strong>unde</strong></span> <span class='ocrx_word' id='word_1_7' title='bbox 1014 484 1052 549; x_wconf 85' lang='lat' dir='ltr'><strong>L.</strong></span> <span class='ocrx_word' id='word_1_8' title='bbox 1068 483 1195 551; x_wconf 87' lang='lat' dir='ltr'><strong>Iunium</strong></span> <span class='ocrx_word' id='word_1_9' title='bbox 1214 484 1421 567; x_wconf 77' lang='lat' dir='ltr'><strong>cognoscitur</strong></span> 
     </span>
     <span class='ocr_line' id='line_1_3' title="bbox 249 586 1419 672; baseline 0.005 -20"><span class='ocrx_word' id='word_1_10' title='bbox 249 605 321 653; x_wconf 90' lang='lat' dir='ltr'><strong>esse</strong></span> <span class='ocrx_word' id='word_1_11' title='bbox 343 586 483 670; x_wconf 90' lang='lat' dir='ltr'><strong>positum</strong></span> <span class='ocrx_word' id='word_1_12' title='bbox 507 609 527 655; x_wconf 90' lang='lat' dir='ltr'><strong>a</strong></span> <span class='ocrx_word' id='word_1_13' title='bbox 549 588 685 672; x_wconf 86' lang='lat' dir='ltr'><strong>Polybio</strong></span> <span class='ocrx_word' id='word_1_14' title='bbox 707 608 772 656; x_wconf 92' lang='lat' dir='ltr'><strong>uno</strong></span> <span class='ocrx_word' id='word_1_15' title='bbox 795 607 879 655; x_wconf 89' lang='lat' dir='ltr'><strong>anno</strong></span> <span class='ocrx_word' id='word_1_16' title='bbox 901 595 976 672; x_wconf 90' lang='lat' dir='ltr'><strong>post</strong></span> <span class='ocrx_word' id='word_1_17' title='bbox 998 591 1035 656; x_wconf 91' lang='lat' dir='ltr'><strong>P.</strong></span> <span class='ocrx_word' id='word_1_18' title='bbox 1059 588 1186 657; x_wconf 78' lang='lat' dir='ltr'>Claudii</span> <span class='ocrx_word' id='word_1_19' title='bbox 1209 593 1419 658; x_wconf 89' lang='lat' dir='ltr'><strong>consulatum.</strong></span> 
     </span>
    </p>

    <p class='ocr_par' dir='ltr' id='par_1_3' title="bbox 247 694 1421 1845">
     <span class='ocr_line' id='line_1_4' title="bbox 336 694 1421 781; baseline 0.003 -21"><span class='ocrx_word' id='word_1_20' title='bbox 336 694 367 760; x_wconf 88' lang='grc' dir='ltr'>Ε</span> <span class='ocrx_word' id='word_1_21' title='bbox 400 696 607 778; x_wconf 81' lang='lat' dir='ltr'><strong>computandi</strong></span> <span class='ocrx_word' id='word_1_22' title='bbox 635 701 741 762; x_wconf 87' lang='lat' dir='ltr'><strong>autem</strong></span> <span class='ocrx_word' id='word_1_23' title='bbox 769 695 897 762; x_wconf 88' lang='lat' dir='ltr'><strong>ratione</strong></span> <span class='ocrx_word' id='word_1_24' title='bbox 926 696 1124 781; x_wconf 79' lang='lat' dir='ltr'>perspicitur</span> <span class='ocrx_word' id='word_1_25' title='bbox 1154 697 1324 781; x_wconf 85' lang='lat' dir='ltr'><strong>Polybium</strong></span> <span class='ocrx_word' id='word_1_26' title='bbox 1355 716 1421 764; x_wconf 92' lang='lat' dir='ltr'><strong>non</strong></span> 
     </span>
     <span class='ocr_line' id='line_1_5' title="bbox 247 801 1420 886; baseline 0.003 -19"><span class='ocrx_word' id='word_1_27' title='bbox 247 801 340 868; x_wconf 91' lang='lat' dir='ltr'><strong>modo</strong></span> <span class='ocrx_word' id='word_1_28' title='bbox 378 803 439 868; x_wconf 93' lang='lat' dir='ltr'><strong>hoc</strong></span> <span class='ocrx_word' id='word_1_29' title='bbox 474 802 509 868; x_wconf 91' lang='lat' dir='ltr'><strong>in</strong></span> <span class='ocrx_word' id='word_1_30' title='bbox 541 803 709 869; x_wconf 88' lang='lat' dir='ltr'><strong>consulatu</strong></span> <span class='ocrx_word' id='word_1_31' title='bbox 743 803 887 886; x_wconf 93' lang='lat' dir='ltr'><strong>ponendo</strong></span> <span class='ocrx_word' id='word_1_32' title='bbox 925 822 1065 883; x_wconf 90' lang='lat' dir='ltr'><strong>errasse,</strong></span> <span class='ocrx_word' id='word_1_33' title='bbox 1106 822 1219 871; x_wconf 84' lang='lat' dir='ltr'><strong>verum</strong></span> <span class='ocrx_word' id='word_1_34' title='bbox 1254 804 1353 871; x_wconf 89' lang='lat' dir='ltr'><strong>etiam</strong></span> <span class='ocrx_word' id='word_1_35' title='bbox 1384 805 1420 871; x_wconf 90' lang='lat' dir='ltr'><strong>id</strong></span> 
     </span>
     <span class='ocr_line' id='line_1_6' title="bbox 249 908 1421 992; baseline 0.003 -18"><span class='ocrx_word' id='word_1_36' title='bbox 249 908 333 988; x_wconf 90' lang='lat' dir='ltr'><strong>quod</strong></span> <span class='ocrx_word' id='word_1_37' title='bbox 364 909 465 976; x_wconf 89' lang='lat' dir='ltr'><strong>multo</strong></span> <span class='ocrx_word' id='word_1_38' title='bbox 498 908 633 992; x_wconf 81' lang='lat' dir='ltr'><strong>gravius</strong></span> <span class='ocrx_word' id='word_1_39' title='bbox 669 913 720 976; x_wconf 87' lang='lat' dir='ltr'><strong>est</strong></span> <span class='ocrx_word' id='word_1_40' title='bbox 756 909 792 976; x_wconf 91' lang='lat' dir='ltr'><strong>iu</strong></span> <span class='ocrx_word' id='word_1_41' title='bbox 827 910 1040 992; x_wconf 88' lang='lat' dir='ltr'><strong>computando</strong></span> <span class='ocrx_word' id='word_1_42' title='bbox 1076 914 1112 976; x_wconf 88' lang='lat' dir='ltr'><strong>et</strong></span> <span class='ocrx_word' id='word_1_43' title='bbox 1146 910 1183 976; x_wconf 92' lang='lat' dir='ltr'><strong>P.</strong></span> <span class='ocrx_word' id='word_1_44' title='bbox 1216 910 1349 978; x_wconf 80' lang='lat' dir='ltr'><strong>Claudio</strong></span> <span class='ocrx_word' id='word_1_45' title='bbox 1385 915 1421 977; x_wconf 91' lang='lat' dir='ltr'><strong>et</strong></span> 
     </span>
     <span class='ocr_line' id='line_1_7' title="bbox 247 1012 1419 1099; baseline 0.003 -20"><span class='ocrx_word' id='word_1_46' title='bbox 247 1014 285 1080; x_wconf 86' lang='lat' dir='ltr'><strong>L.</strong></span> <span class='ocrx_word' id='word_1_47' title='bbox 304 1012 397 1081; x_wconf 93' lang='lat' dir='ltr'><strong>Iunio</strong></span> <span class='ocrx_word' id='word_1_48' title='bbox 420 1014 583 1099; x_wconf 83' lang='lat' dir='ltr'><strong>integrum</strong></span> <span class='ocrx_word' id='word_1_49' title='bbox 606 1016 760 1082; x_wconf 79' lang='lat' dir='ltr'>tribuisse</span> <span class='ocrx_word' id='word_1_50' title='bbox 783 1035 909 1083; x_wconf 90' lang='lat' dir='ltr'><strong>aunum.</strong></span> <span class='ocrx_word' id='word_1_51' title='bbox 943 1017 1093 1084; x_wconf 81' lang='lat' dir='ltr'><strong>Ceterum</strong></span> <span class='ocrx_word' id='word_1_52' title='bbox 1111 1021 1220 1084; x_wconf 90' lang='lat' dir='ltr'><strong>utrum</strong></span> <span class='ocrx_word' id='word_1_53' title='bbox 1238 1015 1273 1082; x_wconf 91' lang='lat' dir='ltr'><strong>hi</strong></span> <span class='ocrx_word' id='word_1_54' title='bbox 1292 1035 1419 1083; x_wconf 87' lang='lat' dir='ltr'><strong>errores</strong></span> 
     </span>
     <span class='ocr_line' id='line_1_8' title="bbox 248 1120 1419 1206; baseline 0.002 -20"><span class='ocrx_word' id='word_1_55' title='bbox 248 1120 289 1186; x_wconf 93' lang='lat' dir='ltr'><strong>ab</strong></span> <span class='ocrx_word' id='word_1_56' title='bbox 312 1120 382 1204; x_wconf 92' lang='lat' dir='ltr'><strong>ipso</strong></span> <span class='ocrx_word' id='word_1_57' title='bbox 402 1122 536 1206; x_wconf 89' lang='lat' dir='ltr'><strong>Polybio</strong></span> <span class='ocrx_word' id='word_1_58' title='bbox 560 1121 719 1189; x_wconf 84' lang='lat' dir='ltr'><strong>commissi</strong></span> <span class='ocrx_word' id='word_1_59' title='bbox 742 1121 809 1190; x_wconf 88' lang='lat' dir='ltr'><strong>sint</strong></span> <span class='ocrx_word' id='word_1_60' title='bbox 831 1143 874 1190; x_wconf 91' lang='lat' dir='ltr'><strong>an</strong></span> <span class='ocrx_word' id='word_1_61' title='bbox 898 1123 939 1190; x_wconf 90' lang='lat' dir='ltr'><strong>ab</strong></span> <span class='ocrx_word' id='word_1_62' title='bbox 962 1142 999 1189; x_wconf 88' lang='lat' dir='ltr'><strong>eo</strong></span> <span class='ocrx_word' id='word_1_63' title='bbox 1017 1128 1150 1190; x_wconf 89' lang='lat' dir='ltr'><strong>auctore</strong></span> <span class='ocrx_word' id='word_1_64' title='bbox 1173 1141 1210 1189; x_wconf 86' lang='lat' dir='ltr'><strong>ex</strong></span> <span class='ocrx_word' id='word_1_65' title='bbox 1224 1142 1285 1204; x_wconf 90' lang='lat' dir='ltr'><strong>quo</strong></span> <span class='ocrx_word' id='word_1_66' title='bbox 1300 1122 1419 1203; x_wconf 74' lang='lat' dir='ltr'><strong>hausit</strong></span> 
     </span>
     <span class='ocr_line' id='line_1_9' title="bbox 247 1227 1419 1312; baseline 0.001 -19"><span class='ocrx_word' id='word_1_67' title='bbox 247 1247 333 1294; x_wconf 89' lang='lat' dir='ltr'><strong>nunc</strong></span> <span class='ocrx_word' id='word_1_68' title='bbox 360 1227 532 1295; x_wconf 87' lang='lat' dir='ltr'><strong>diiudicari</strong></span> <span class='ocrx_word' id='word_1_69' title='bbox 554 1230 674 1310; x_wconf 87' lang='lat' dir='ltr'><strong>nequit,</strong></span> <span class='ocrx_word' id='word_1_70' title='bbox 698 1249 768 1296; x_wconf 90' lang='lat' dir='ltr'><strong>cum</strong></span> <span class='ocrx_word' id='word_1_71' title='bbox 791 1228 1006 1310; x_wconf 79' lang='lat' dir='ltr'><strong>antiquiorum</strong></span> <span class='ocrx_word' id='word_1_72' title='bbox 1030 1228 1163 1296; x_wconf 87' lang='lat' dir='ltr'><strong>testium</strong></span> <span class='ocrx_word' id='word_1_73' title='bbox 1185 1248 1288 1312; x_wconf 90' lang='lat' dir='ltr'><strong>paene</strong></span> <span class='ocrx_word' id='word_1_74' title='bbox 1310 1229 1419 1295; x_wconf 89' lang='lat' dir='ltr'><strong>nullae</strong></span> 
     </span>
     <span class='ocr_line' id='line_1_10' title="bbox 248 1334 1418 1418; baseline 0.001 -18"><span class='ocrx_word' id='word_1_75' title='bbox 248 1334 413 1418; x_wconf 80' lang='lat' dir='ltr'><strong>supersint</strong></span> <span class='ocrx_word' id='word_1_76' title='bbox 431 1335 594 1417; x_wconf 88' lang='lat' dir='ltr'><strong>reliquiae.</strong></span> <span class='ocrx_word' id='word_1_77' title='bbox 618 1335 725 1402; x_wconf 93' lang='lat' dir='ltr'><strong>Unum</strong></span> <span class='ocrx_word' id='word_1_78' title='bbox 742 1355 821 1403; x_wconf 87' lang='lat' dir='ltr'><strong>vero</strong></span> <span class='ocrx_word' id='word_1_79' title='bbox 838 1335 1101 1418; x_wconf 85' lang='lat' dir='ltr'><strong>permemorcbile</strong></span> <span class='ocrx_word' id='word_1_80' title='bbox 1115 1341 1180 1402; x_wconf 90' lang='lat' dir='ltr'><strong>est:</strong></span> <span class='ocrx_word' id='word_1_81' title='bbox 1200 1337 1285 1417; x_wconf 90' lang='lat' dir='ltr'><strong>quod</strong></span> <span class='ocrx_word' id='word_1_82' title='bbox 1301 1335 1418 1402; x_wconf 90' lang='lat' dir='ltr'><strong>omisso</strong></span> 
     </span>
     <span class='ocr_line' id='line_1_11' title="bbox 248 1441 1419 1523; baseline 0.002 -17"><span class='ocrx_word' id='word_1_83' title='bbox 248 1459 331 1506; x_wconf 92' lang='lat' dir='ltr'><strong>anno</strong></span> <span class='ocrx_word' id='word_1_84' title='bbox 355 1441 421 1507; x_wconf 81' lang='lat'><strong>502</strong></span> <span class='ocrx_word' id='word_1_85' title='bbox 444 1441 565 1508; x_wconf 82' lang='lat' dir='ltr'><strong>Iactum</strong></span> <span class='ocrx_word' id='word_1_86' title='bbox 589 1447 648 1523; x_wconf 87' lang='lat' dir='ltr'><strong>est,</strong></span> <span class='ocrx_word' id='word_1_87' title='bbox 671 1447 709 1509; x_wconf 89' lang='lat' dir='ltr'><strong>ut</strong></span> <span class='ocrx_word' id='word_1_88' title='bbox 731 1462 751 1508; x_wconf 93' lang='lat' dir='ltr'><strong>a</strong></span> <span class='ocrx_word' id='word_1_89' title='bbox 773 1441 870 1508; x_wconf 86' lang='lat' dir='ltr'><strong>fastis</strong></span> <span class='ocrx_word' id='word_1_90' title='bbox 888 1441 1036 1509; x_wconf 89' lang='lat' dir='ltr'><strong>narratio</strong></span> <span class='ocrx_word' id='word_1_91' title='bbox 1055 1444 1226 1509; x_wconf 85' lang='lat' dir='ltr'><strong>aberraret</strong></span> <span class='ocrx_word' id='word_1_92' title='bbox 1244 1461 1306 1508; x_wconf 95' lang='lat' dir='ltr'><strong>uno</strong></span> <span class='ocrx_word' id='word_1_93' title='bbox 1325 1461 1419 1522; x_wconf 89' lang='lat' dir='ltr'><strong>anno,</strong></span> 
     </span>
     <span class='ocr_line' id='line_1_12' title="bbox 247 1546 1419 1633; baseline 0.002 -20"><span class='ocrx_word' id='word_1_94' title='bbox 247 1546 282 1614; x_wconf 90' lang='lat' dir='ltr'><strong>id</strong></span> <span class='ocrx_word' id='word_1_95' title='bbox 308 1547 424 1615; x_wconf 83' lang='lat' dir='ltr'><strong>vitium</strong></span> <span class='ocrx_word' id='word_1_96' title='bbox 457 1567 496 1616; x_wconf 88' lang='lat' dir='ltr'><strong>ea</strong></span> <span class='ocrx_word' id='word_1_97' title='bbox 522 1568 559 1616; x_wconf 88' lang='lat' dir='ltr'><strong>re</strong></span> <span class='ocrx_word' id='word_1_98' title='bbox 582 1549 833 1630; x_wconf 85' lang='lat' dir='ltr'><strong>quoddammodo</strong></span> <span class='ocrx_word' id='word_1_99' title='bbox 857 1549 1046 1633; x_wconf 81' lang='lat' dir='ltr'><strong>corrigitur,</strong></span> <span class='ocrx_word' id='word_1_100' title='bbox 1074 1549 1159 1630; x_wconf 90' lang='lat' dir='ltr'><strong>quod</strong></span> <span class='ocrx_word' id='word_1_101' title='bbox 1180 1549 1218 1614; x_wconf 86' lang='lat' dir='ltr'><strong>L.</strong></span> <span class='ocrx_word' id='word_1_102' title='bbox 1241 1548 1334 1616; x_wconf 94' lang='lat' dir='ltr'><strong>Iunio</strong></span> <span class='ocrx_word' id='word_1_103' title='bbox 1358 1548 1419 1615; x_wconf 90' lang='lat' dir='ltr'><strong>soli</strong></span> 
     </span>
     <span class='ocr_line' id='line_1_13' title="bbox 247 1653 1420 1738; baseline 0.002 -18"><span class='ocrx_word' id='word_1_104' title='bbox 247 1653 376 1738; x_wconf 77' lang='lat' dir='ltr'><strong>integer</strong></span> <span class='ocrx_word' id='word_1_105' title='bbox 398 1654 554 1722; x_wconf 81' lang='lat' dir='ltr'><strong>tribuitur</strong></span> <span class='ocrx_word' id='word_1_106' title='bbox 576 1674 693 1738; x_wconf 88' lang='lat' dir='ltr'><strong>anuus;</strong></span> <span class='ocrx_word' id='word_1_107' title='bbox 716 1655 763 1721; x_wconf 91' lang='lat' dir='ltr'><strong>sic</strong></span> <span class='ocrx_word' id='word_1_108' title='bbox 786 1654 871 1722; x_wconf 91' lang='lat' dir='ltr'><strong>enim</strong></span> <span class='ocrx_word' id='word_1_109' title='bbox 892 1655 1040 1722; x_wconf 85' lang='lat' dir='ltr'><strong>effectum</strong></span> <span class='ocrx_word' id='word_1_110' title='bbox 1064 1660 1124 1735; x_wconf 90' lang='lat' dir='ltr'><strong>est,</strong></span> <span class='ocrx_word' id='word_1_111' title='bbox 1146 1660 1184 1721; x_wconf 88' lang='lat' dir='ltr'><strong>ut</strong></span> <span class='ocrx_word' id='word_1_112' title='bbox 1207 1655 1284 1722; x_wconf 87' lang='lat' dir='ltr'><strong>anni</strong></span> <span class='ocrx_word' id='word_1_113' title='bbox 1305 1674 1420 1722; x_wconf 87' lang='lat' dir='ltr'><strong>rursus</strong></span> 
     </span>
     <span class='ocr_line' id='line_1_14' title="bbox 248 1761 685 1845; baseline 0 -18"><span class='ocrx_word' id='word_1_114' title='bbox 248 1766 465 1845; x_wconf 80' lang='lat' dir='ltr'><strong>congruerent</strong></span> <span class='ocrx_word' id='word_1_115' title='bbox 487 1781 557 1829; x_wconf 88' lang='lat' dir='ltr'><strong>oum</strong></span> <span class='ocrx_word' id='word_1_116' title='bbox 579 1761 685 1828; x_wconf 84' lang='lat' dir='ltr'><strong>fastis.</strong></span> 
     </span>
    </p>
   </div>
   <div class='ocr_carea' id='block_1_3' title="bbox 367 1956 1295 2042">
    <p class='ocr_par' dir='ltr' id='par_1_4' title="bbox 367 1956 1295 2042">
     <span class='ocr_line' id='line_1_15' title="bbox 367 1956 1295 2042; baseline 0.002 -20"><span class='ocrx_word' id='word_1_117' title='bbox 367 1957 558 2024; x_wconf 82' lang='lat' dir='ltr'><strong>Habemus</strong></span> <span class='ocrx_word' id='word_1_118' title='bbox 580 1956 706 2042; x_wconf 77' lang='lat' dir='ltr'><strong>igitur</strong></span> <span class='ocrx_word' id='word_1_119' title='bbox 728 1958 826 2024; x_wconf 89' lang='lat' dir='ltr'><strong>hunc</strong></span> <span class='ocrx_word' id='word_1_120' title='bbox 849 1976 1030 2024; x_wconf 91' lang='lat' dir='ltr'><strong>annorum</strong></span> <span class='ocrx_word' id='word_1_121' title='bbox 1054 1962 1295 2040; x_wconf 90' lang='lat' dir='ltr'><strong>conspectum</strong></span> 
     </span>
    </p>
   </div>
   <div class='ocr_carea' id='block_1_4' title="bbox 244 2099 1419 3680">
    <p class='ocr_par' dir='ltr' id='par_1_5' title="bbox 244 2099 1419 3680">
     <span class='ocr_line' id='line_1_16' title="bbox 566 2099 1419 2182; baseline -0.001 -15"><span class='ocrx_word' id='word_1_122' title='bbox 566 2099 886 2167; x_wconf 83' lang='lat' dir='ltr'><strong>secundumiastos</strong></span> <span class='ocrx_word' id='word_1_123' title='bbox 1034 2099 1419 2182; x_wconf 85' lang='lat' dir='ltr'><strong>secundumPolybium</strong></span> 
     </span>
     <span class='ocr_line' id='line_1_17' title="bbox 345 2204 1329 2275; baseline -0.002 -2"><span class='ocrx_word' id='word_1_124' title='bbox 345 2226 447 2274; x_wconf 86' lang='lat' dir='ltr'><strong>annus</strong></span> <span class='ocrx_word' id='word_1_125' title='bbox 470 2207 534 2273; x_wconf 91' lang='grc'><strong>501</strong></span> <span class='ocrx_word' id='word_1_126' title='bbox 559 2228 588 2275; x_wconf 96' lang='lat' dir='ltr'><strong>u.</strong></span> <span class='ocrx_word' id='word_1_127' title='bbox 612 2226 638 2273; x_wconf 91' lang='grc' dir='ltr'><strong>ο.</strong></span> <span class='ocrx_word' id='word_1_128' title='bbox 660 2235 705 2265; x_wconf 84' lang='lat'>=</span> <span class='ocrx_word' id='word_1_129' title='bbox 775 2206 853 2273; x_wconf 89' lang='lat' dir='ltr'><strong>XII.</strong></span> <span class='ocrx_word' id='word_1_130' title='bbox 874 2205 952 2272; x_wconf 92' lang='lat' dir='ltr'><strong>belli</strong></span> <span class='ocrx_word' id='word_1_131' title='bbox 973 2233 1017 2264; x_wconf 88' lang='lat'><strong><em>=</em></strong></span> <span class='ocrx_word' id='word_1_132' title='bbox 1151 2205 1229 2272; x_wconf 89' lang='lat' dir='ltr'><strong>XII.</strong></span> <span class='ocrx_word' id='word_1_133' title='bbox 1251 2204 1329 2272; x_wconf 92' lang='lat' dir='ltr'><strong>belli</strong></span> 
     </span>
     <span class='ocr_line' id='line_1_18' title="bbox 473 2313 1197 2381; baseline -0.004 -1"><span class='ocrx_word' id='word_1_134' title='bbox 473 2315 537 2380; x_wconf 79' lang='grc'><strong>502</strong></span> <span class='ocrx_word' id='word_1_135' title='bbox 561 2334 591 2381; x_wconf 87' lang='lat' dir='ltr'><strong>u.</strong></span> <span class='ocrx_word' id='word_1_136' title='bbox 614 2333 640 2380; x_wconf 86' lang='grc'><strong>0.</strong></span> <span class='ocrx_word' id='word_1_137' title='bbox 663 2341 706 2372; x_wconf 90' lang='lat'><strong><em>=</em></strong></span> <span class='ocrx_word' id='word_1_138' title='bbox 760 2313 855 2379; x_wconf 79' lang='lat' dir='ltr'><strong>XIII.</strong></span> <span class='ocrx_word' id='word_1_139' title='bbox 1153 2349 1197 2358; x_wconf 91' lang='lat'><em>-</em></span> 
     </span>
     <span class='ocr_line' id='line_1_19' title="bbox 473 2419 1230 2486; baseline -0.003 0"><span class='ocrx_word' id='word_1_140' title='bbox 473 2420 538 2486; x_wconf 85' lang='lat'><strong>503</strong></span> <span class='ocrx_word' id='word_1_141' title='bbox 561 2439 590 2486; x_wconf 92' lang='lat' dir='ltr'><strong>u.</strong></span> <span class='ocrx_word' id='word_1_142' title='bbox 614 2439 640 2486; x_wconf 92' lang='lat' dir='ltr'><strong>c.</strong></span> <span class='ocrx_word' id='word_1_143' title='bbox 663 2448 707 2477; x_wconf 96' lang='lat'><strong><em>=</em></strong></span> <span class='ocrx_word' id='word_1_144' title='bbox 765 2420 856 2486; x_wconf 85' lang='lat' dir='ltr'><strong>XIV.</strong></span> <span class='ocrx_word' id='word_1_145' title='bbox 1136 2419 1230 2484; x_wconf 93' lang='lat' dir='ltr'><strong>XIII.</strong></span> 
     </span>
     <span class='ocr_line' id='line_1_20' title="bbox 472 2524 1283 2594; baseline -0.002 -1"><span class='ocrx_word' id='word_1_146' title='bbox 472 2526 539 2593; x_wconf 82' lang='lat'><strong>504</strong></span> <span class='ocrx_word' id='word_1_147' title='bbox 562 2546 591 2594; x_wconf 92' lang='lat' dir='ltr'><strong>u.</strong></span> <span class='ocrx_word' id='word_1_148' title='bbox 616 2546 708 2593; x_wconf 86' lang='lat' dir='ltr'><strong>c:</strong></span> <span class='ocrx_word' id='word_1_149' title='bbox 783 2526 858 2592; x_wconf 91' lang='lat' dir='ltr'><strong>XV.</strong></span> <span class='ocrx_word' id='word_1_150' title='bbox 1137 2524 1229 2592; x_wconf 90' lang='lat' dir='ltr'><strong>XIV.</strong></span> <span class='ocrx_word' id='word_1_151' title='bbox 1279 2583 1283 2591; x_wconf 91' lang='lat'><strong>.</strong></span> 
     </span>
     <span class='ocr_line' id='line_1_21' title="bbox 475 2631 1274 2723; baseline -0.004 -24"><span class='ocrx_word' id='word_1_152' title='bbox 475 2633 540 2699; x_wconf 85' lang='grc'><strong>505</strong></span> <span class='ocrx_word' id='word_1_153' title='bbox 563 2654 593 2701; x_wconf 93' lang='lat' dir='ltr'><strong>u.</strong></span> <span class='ocrx_word' id='word_1_154' title='bbox 617 2653 643 2701; x_wconf 90' lang='lat' dir='ltr'><strong>c.</strong></span> <span class='ocrx_word' id='word_1_155' title='bbox 666 2662 710 2692; x_wconf 90' lang='lat'><strong><em>=</em></strong></span> <span class='ocrx_word' id='word_1_156' title='bbox 769 2633 858 2699; x_wconf 93' lang='lat' dir='ltr'><strong>XVI.</strong></span> <span class='ocrx_word' id='word_1_157' title='bbox 979 2659 1022 2689; x_wconf 94' lang='lat'>=</span> <span class='ocrx_word' id='word_1_158' title='bbox 1045 2632 1116 2699; x_wconf 89' lang='lat' dir='ltr'><strong>XV.</strong></span> <span class='ocrx_word' id='word_1_159' title='bbox 1139 2631 1230 2698; x_wconf 93' lang='lat' dir='ltr'><strong>XVI.</strong></span> <span class='ocrx_word' id='word_1_160' title='bbox 1272 2717 1274 2723; x_wconf 23' lang='grc' dir='ltr'>Ι</span> 
     </span>
     <span class='ocr_line' id='line_1_22' title="bbox 474 2738 1230 2808; baseline -0.007 0"><span class='ocrx_word' id='word_1_161' title='bbox 474 2742 539 2808; x_wconf 88' lang='grc'><strong>506</strong></span> <span class='ocrx_word' id='word_1_162' title='bbox 561 2761 592 2808; x_wconf 93' lang='lat' dir='ltr'><strong>u.</strong></span> <span class='ocrx_word' id='word_1_163' title='bbox 615 2760 641 2808; x_wconf 92' lang='lat' dir='ltr'><strong>c.</strong></span> <span class='ocrx_word' id='word_1_164' title='bbox 664 2769 707 2798; x_wconf 90' lang='lat'><strong><em>=</em></strong></span> <span class='ocrx_word' id='word_1_165' title='bbox 748 2740 857 2807; x_wconf 92' lang='lat' dir='ltr'><strong>XVII.</strong></span> <span class='ocrx_word' id='word_1_166' title='bbox 1122 2738 1230 2804; x_wconf 87' lang='lat' dir='ltr'><strong>XVII.</strong></span> 
     </span>
     <span class='ocr_line' id='line_1_23' title="bbox 474 2841 1228 2915; baseline -0.005 -1"><span class='ocrx_word' id='word_1_167' title='bbox 474 2848 538 2915; x_wconf 82' lang='grc'><strong>507</strong></span> <span class='ocrx_word' id='word_1_168' title='bbox 562 2868 591 2915; x_wconf 94' lang='lat' dir='ltr'><strong>u.</strong></span> <span class='ocrx_word' id='word_1_169' title='bbox 615 2868 642 2914; x_wconf 93' lang='lat' dir='ltr'><strong>c.</strong></span> <span class='ocrx_word' id='word_1_170' title='bbox 665 2877 709 2906; x_wconf 91' lang='lat'><strong><em>=</em></strong></span> <span class='ocrx_word' id='word_1_171' title='bbox 731 2846 857 2913; x_wconf 91' lang='lat' dir='ltr'><strong>XVIII.</strong></span> <span class='ocrx_word' id='word_1_172' title='bbox 1102 2841 1228 2911; x_wconf 93' lang='lat' dir='ltr'><strong>XVIII.</strong></span> 
     </span>
     <span class='ocr_line' id='line_1_24' title="bbox 672 2957 990 3036; baseline -0.016 -14"><span class='ocrx_word' id='word_1_173' title='bbox 672 2961 706 3022; x_wconf 91' lang='lat' dir='ltr'><strong>et</strong></span> <span class='ocrx_word' id='word_1_174' title='bbox 729 2973 811 3036; x_wconf 86' lang='lat' dir='ltr'><strong>quae</strong></span> <span class='ocrx_word' id='word_1_175' title='bbox 830 2957 990 3021; x_wconf 90' lang='lat' dir='ltr'><strong>secuntur.</strong></span> 
     </span>
     <span class='ocr_line' id='line_1_25' title="bbox 336 3056 1419 3144; baseline -0.006 -16"><span class='ocrx_word' id='word_1_176' title='bbox 336 3063 452 3144; x_wconf 88' lang='lat' dir='ltr'><strong>Itaque</strong></span> <span class='ocrx_word' id='word_1_177' title='bbox 478 3080 543 3127; x_wconf 94' lang='lat' dir='ltr'><strong>non</strong></span> <span class='ocrx_word' id='word_1_178' title='bbox 569 3067 621 3128; x_wconf 90' lang='lat' dir='ltr'><strong>est</strong></span> <span class='ocrx_word' id='word_1_179' title='bbox 646 3061 775 3141; x_wconf 92' lang='lat' dir='ltr'><strong>mirum,</strong></span> <span class='ocrx_word' id='word_1_180' title='bbox 803 3060 888 3142; x_wconf 91' lang='lat' dir='ltr'><strong>quod</strong></span> <span class='ocrx_word' id='word_1_181' title='bbox 915 3057 1031 3126; x_wconf 91' lang='lat' dir='ltr'><strong>omisso</strong></span> <span class='ocrx_word' id='word_1_182' title='bbox 1054 3075 1138 3124; x_wconf 91' lang='lat' dir='ltr'><strong>anuo</strong></span> <span class='ocrx_word' id='word_1_183' title='bbox 1163 3056 1227 3122; x_wconf 84' lang='lat'><strong>502</strong></span> <span class='ocrx_word' id='word_1_184' title='bbox 1250 3060 1359 3122; x_wconf 88' lang='lat' dir='ltr'><strong>tamen</strong></span> <span class='ocrx_word' id='word_1_185' title='bbox 1382 3056 1419 3122; x_wconf 87' lang='lat' dir='ltr'><strong>iu</strong></span> 
     </span>
     <span class='ocr_line' id='line_1_26' title="bbox 248 3161 1419 3252; baseline -0.006 -18"><span class='ocrx_word' id='word_1_186' title='bbox 248 3168 448 3249; x_wconf 88' lang='lat' dir='ltr'><strong>sequentium</strong></span> <span class='ocrx_word' id='word_1_187' title='bbox 467 3187 623 3234; x_wconf 91' lang='lat' dir='ltr'><strong>annorum</strong></span> <span class='ocrx_word' id='word_1_188' title='bbox 642 3167 863 3252; x_wconf 89' lang='lat' dir='ltr'><strong>seriePolybii</strong></span> <span class='ocrx_word' id='word_1_189' title='bbox 879 3165 1099 3232; x_wconf 90' lang='lat' dir='ltr'><strong>narrationon</strong></span> <span class='ocrx_word' id='word_1_190' title='bbox 1112 3163 1267 3230; x_wconf 85' lang='lat' dir='ltr'><strong>abhorret</strong></span> <span class='ocrx_word' id='word_1_191' title='bbox 1281 3161 1419 3229; x_wconf 82' lang='lat' dir='ltr'><strong>afastis.</strong></span> 
     </span>
     <span class='ocr_line' id='line_1_27' title="bbox 335 3268 1417 3359; baseline -0.006 -18"><span class='ocrx_word' id='word_1_192' title='bbox 335 3275 427 3359; x_wconf 78' lang='lat' dir='ltr'><strong>Quod</strong></span> <span class='ocrx_word' id='word_1_193' title='bbox 458 3294 536 3342; x_wconf 87' lang='lat' dir='ltr'><strong>vero</strong></span> <span class='ocrx_word' id='word_1_194' title='bbox 563 3275 732 3358; x_wconf 91' lang='lat' dir='ltr'><strong>Polybium</strong></span> <span class='ocrx_word' id='word_1_195' title='bbox 759 3274 795 3340; x_wconf 93' lang='lat' dir='ltr'><strong>P.</strong></span> <span class='ocrx_word' id='word_1_196' title='bbox 824 3272 951 3340; x_wconf 81' lang='lat' dir='ltr'><strong>Claudii</strong></span> <span class='ocrx_word' id='word_1_197' title='bbox 977 3272 1015 3338; x_wconf 86' lang='lat' dir='ltr'><strong>L.</strong></span> <span class='ocrx_word' id='word_1_198' title='bbox 1038 3268 1125 3337; x_wconf 92' lang='lat' dir='ltr'><strong>Iunii</strong></span> <span class='ocrx_word' id='word_1_199' title='bbox 1152 3269 1352 3336; x_wconf 84' lang='lat' dir='ltr'><strong>consulatum</strong></span> <span class='ocrx_word' id='word_1_200' title='bbox 1380 3269 1417 3334; x_wconf 92' lang='lat' dir='ltr'><strong>in</strong></span> 
     </span>
     <span class='ocr_line' id='line_1_28' title="bbox 246 3373 1419 3460; baseline -0.006 -12"><span class='ocrx_word' id='word_1_201' title='bbox 246 3384 325 3448; x_wconf 88' lang='lat' dir='ltr'><strong>duos</strong></span> <span class='ocrx_word' id='word_1_202' title='bbox 348 3382 535 3449; x_wconf 88' lang='lat' dir='ltr'><strong>dissolvisse</strong></span> <span class='ocrx_word' id='word_1_203' title='bbox 557 3400 658 3449; x_wconf 90' lang='lat' dir='ltr'><strong>annos</strong></span> <span class='ocrx_word' id='word_1_204' title='bbox 683 3380 911 3460; x_wconf 81' lang='lat' dir='ltr'><strong>contendimus,</strong></span> <span class='ocrx_word' id='word_1_205' title='bbox 934 3379 996 3445; x_wconf 90' lang='lat' dir='ltr'><strong>iam</strong></span> <span class='ocrx_word' id='word_1_206' title='bbox 1016 3378 1116 3445; x_wconf 83' lang='lat' dir='ltr'><strong>certIs</strong></span> <span class='ocrx_word' id='word_1_207' title='bbox 1133 3376 1333 3458; x_wconf 91' lang='lat' dir='ltr'><strong>probandum</strong></span> <span class='ocrx_word' id='word_1_208' title='bbox 1352 3373 1419 3441; x_wconf 80' lang='lat' dir='ltr'><strong>erit</strong></span> 
     </span>
     <span class='ocr_line' id='line_1_29' title="bbox 244 3487 453 3572; baseline 0 -18"><span class='ocrx_word' id='word_1_209' title='bbox 244 3487 453 3572; x_wconf 78' lang='lat' dir='ltr'><strong>argumentis.</strong></span> 
     </span>
     <span class='ocr_line' id='line_1_30' title="bbox 334 3588 1418 3680; baseline -0.006 -19"><span class='ocrx_word' id='word_1_210' title='bbox 334 3595 509 3679; x_wconf 87' lang='lat' dir='ltr'><strong>Descripta</strong></span> <span class='ocrx_word' id='word_1_211' title='bbox 540 3595 658 3680; x_wconf 84' lang='lat' dir='ltr'><strong>Erycis</strong></span> <span class='ocrx_word' id='word_1_212' title='bbox 690 3593 808 3660; x_wconf 86' lang='lat' dir='ltr'><strong>montis</strong></span> <span class='ocrx_word' id='word_1_213' title='bbox 840 3591 1093 3676; x_wconf 83' lang='lat' dir='ltr'><strong>expugnatione,</strong></span> <span class='ocrx_word' id='word_1_214' title='bbox 1130 3609 1212 3671; x_wconf 90' lang='lat' dir='ltr'><strong>quac</strong></span> <span class='ocrx_word' id='word_1_215' title='bbox 1243 3588 1333 3656; x_wconf 87' lang='lat' dir='ltr'><strong>iacta</strong></span> <span class='ocrx_word' id='word_1_216' title='bbox 1365 3595 1418 3655; x_wconf 88' lang='lat' dir='ltr'><strong>est</strong></span> 
     </span>
    </p>
   </div>
   <div class='ocr_carea' id='block_1_5' title="bbox 242 3693 1418 4418">
    <p class='ocr_par' dir='ltr' id='par_1_6' title="bbox 243 3693 1418 4218">
     <span class='ocr_line' id='line_1_31' title="bbox 243 3693 1415 3785; baseline -0.008 -16"><span class='ocrx_word' id='word_1_217' title='bbox 243 3702 335 3769; x_wconf 93' lang='lat' dir='ltr'><strong>Iunio</strong></span> <span class='ocrx_word' id='word_1_218' title='bbox 365 3721 437 3782; x_wconf 85' lang='lat' dir='ltr'><strong>cos,</strong></span> <span class='ocrx_word' id='word_1_219' title='bbox 461 3709 615 3770; x_wconf 85' lang='lat' dir='ltr'><strong>secuntur</strong></span> <span class='ocrx_word' id='word_1_220' title='bbox 639 3701 811 3781; x_wconf 84' lang='grc' dir='ltr'><strong>ο.56,1.2</strong></span> <span class='ocrx_word' id='word_1_221' title='bbox 834 3700 935 3766; x_wconf 86' lang='lat' dir='ltr'><strong>verba</strong></span> <span class='ocrx_word' id='word_1_222' title='bbox 958 3697 989 3763; x_wconf 82' lang='lat' dir='ltr'><strong>oi</strong></span> <span class='ocrx_word' id='word_1_223' title='bbox 1017 3699 1050 3764; x_wconf 81' lang='grc' dir='ltr'><strong>δὲ</strong></span> <span class='ocrx_word' id='word_1_224' title='bbox 1079 3694 1292 3785; x_wconf 80' lang='grc' dir='ltr'><em>Καρχηδόνιοι</em></span> <span class='ocrx_word' id='word_1_225' title='bbox 1314 3693 1415 3779; x_wconf 78' lang='grc' dir='ltr'><em>μετὰ</em></span> 
     </span>
     <span class='ocr_line' id='line_1_32' title="bbox 244 3799 1418 3898; baseline -0.009 -22"><span class='ocrx_word' id='word_1_226' title='bbox 244 3815 366 3876; x_wconf 81' lang='grc' dir='ltr'><em>ταῦτα</em></span> <span class='ocrx_word' id='word_1_227' title='bbox 394 3806 573 3898; x_wconf 76' lang='grc' dir='ltr'><em>στρατηγὸν</em></span> <span class='ocrx_word' id='word_1_228' title='bbox 599 3805 858 3895; x_wconf 82' lang='grc' dir='ltr'><em>καταστήσαντες</em></span> <span class='ocrx_word' id='word_1_229' title='bbox 886 3800 996 3870; x_wconf 74' lang='lat' dir='ltr'><strong>adreio</strong></span> <span class='ocrx_word' id='word_1_230' title='bbox 1021 3799 1170 3888; x_wconf 73' lang='grc' dir='ltr'><em>Ἀμίλκαν</em></span> <span class='ocrx_word' id='word_1_231' title='bbox 1197 3800 1254 3869; x_wconf 84' lang='grc' dir='ltr'><strong>τὸν</strong></span> <span class='ocrx_word' id='word_1_232' title='bbox 1280 3800 1418 3886; x_wconf 85' lang='grc' dir='ltr'><em>Βάρκαν</em></span> 
     </span>
     <span class='ocr_line' id='line_1_33' title="bbox 244 3905 1417 3999; baseline -0.009 -15"><span class='ocrx_word' id='word_1_233' title='bbox 244 3914 507 3999; x_wconf 75' lang='grc' dir='ltr'><em>ἐπικαλούμενον</em></span> <span class='ocrx_word' id='word_1_234' title='bbox 547 3914 651 3999; x_wconf 77' lang='grc' dir='ltr'><em>τούτῳ</em></span> <span class='ocrx_word' id='word_1_235' title='bbox 688 3912 729 3980; x_wconf 77' lang='grc' dir='ltr'><strong>τὰ</strong></span> <span class='ocrx_word' id='word_1_236' title='bbox 767 3909 849 3978; x_wconf 82' lang='grc' dir='ltr'><em>κατὰ</em></span> <span class='ocrx_word' id='word_1_237' title='bbox 886 3908 944 3977; x_wconf 82' lang='grc' dir='ltr'><strong>τὸν</strong></span> <span class='ocrx_word' id='word_1_238' title='bbox 981 3910 1095 3977; x_wconf 82' lang='grc' dir='ltr'><em>στόλον</em></span> <span class='ocrx_word' id='word_1_239' title='bbox 1127 3909 1334 3996; x_wconf 76' lang='grc' dir='ltr'><em>ἐνεχείρισαν.</em></span> <span class='ocrx_word' id='word_1_240' title='bbox 1381 3905 1417 3983; x_wconf 75' lang='grc' dir='ltr'><strong>ὃς</strong></span> 
     </span>
     <span class='ocr_line' id='line_1_34' title="bbox 243 4013 1416 4110; baseline -0.009 -21"><span class='ocrx_word' id='word_1_241' title='bbox 243 4019 444 4110; x_wconf 77' lang='grc' dir='ltr'><em>παραλαβών</em></span> <span class='ocrx_word' id='word_1_242' title='bbox 458 4019 515 4096; x_wconf 84' lang='grc' dir='ltr'><strong>τὰς</strong></span> <span class='ocrx_word' id='word_1_243' title='bbox 529 4018 683 4094; x_wconf 81' lang='grc' dir='ltr'><em>ναυτικὰς</em></span> <span class='ocrx_word' id='word_1_244' title='bbox 696 4018 850 4103; x_wconf 82' lang='grc' dir='ltr'><em>δυνάμεις</em></span> <span class='ocrx_word' id='word_1_245' title='bbox 864 4013 991 4106; x_wconf 77' lang='grc' dir='ltr'><em>ὥρμησε</em></span> <span class='ocrx_word' id='word_1_246' title='bbox 1005 4016 1185 4105; x_wconf 77' lang='grc' dir='ltr'><em>πορθήσων</em></span> <span class='ocrx_word' id='word_1_247' title='bbox 1194 4013 1254 4105; x_wconf 82' lang='grc' dir='ltr'><strong>τὴν</strong></span> <span class='ocrx_word' id='word_1_248' title='bbox 1263 4013 1416 4097; x_wconf 78' lang='grc' dir='ltr'><em>Ἰταλίαν,</em></span> 
     </span>
     <span class='ocr_line' id='line_1_35' title="bbox 244 4118 1021 4218; baseline -0.01 -22"><span class='ocrx_word' id='word_1_249' title='bbox 244 4129 315 4203; x_wconf 83' lang='grc' dir='ltr'><em>ἔτος</em></span> <span class='ocrx_word' id='word_1_250' title='bbox 337 4125 368 4196; x_wconf 77' lang='grc' dir='ltr'><strong>δ’</strong></span> <span class='ocrx_word' id='word_1_251' title='bbox 392 4118 432 4218; x_wconf 74' lang='grc' dir='ltr'><strong>ἦν</strong></span> <span class='ocrx_word' id='word_1_252' title='bbox 457 4125 788 4195; x_wconf 79' lang='grc' dir='ltr'><em>ὀκτωκαιδέκατον</em></span> <span class='ocrx_word' id='word_1_253' title='bbox 811 4131 857 4214; x_wconf 77' lang='grc' dir='ltr'><strong>τῷ</strong></span> <span class='ocrx_word' id='word_1_254' title='bbox 879 4126 1021 4210; x_wconf 79' lang='grc' dir='ltr'><em>πολέμῳ.</em></span> 
     </span>
    </p>

    <p class='ocr_par' dir='ltr' id='par_1_7' title="bbox 242 4229 1416 4418">
     <span class='ocr_line' id='line_1_36' title="bbox 331 4229 1416 4320; baseline -0.008 -18"><span class='ocrx_word' id='word_1_255' title='bbox 331 4236 498 4303; x_wconf 88' lang='lat' dir='ltr'><strong>Hamilcar</strong></span> <span class='ocrx_word' id='word_1_256' title='bbox 530 4235 632 4320; x_wconf 85' lang='lat' dir='ltr'><strong>igitur</strong></span> <span class='ocrx_word' id='word_1_257' title='bbox 659 4237 840 4301; x_wconf 91' lang='lat' dir='ltr'><strong>Poenorum</strong></span> <span class='ocrx_word' id='word_1_258' title='bbox 872 4233 938 4298; x_wconf 85' lang='lat' dir='ltr'><strong>dux</strong></span> <span class='ocrx_word' id='word_1_259' title='bbox 970 4236 1100 4298; x_wconf 87' lang='lat' dir='ltr'><strong>creatus</strong></span> <span class='ocrx_word' id='word_1_260' title='bbox 1132 4235 1183 4296; x_wconf 89' lang='lat' dir='ltr'><strong>est</strong></span> <span class='ocrx_word' id='word_1_261' title='bbox 1218 4233 1293 4311; x_wconf 90' lang='lat' dir='ltr'><strong>post</strong></span> <span class='ocrx_word' id='word_1_262' title='bbox 1325 4229 1416 4294; x_wconf 94' lang='lat' dir='ltr'><strong>Iunii</strong></span> 
     </span>
     <span class='ocr_line' id='line_1_37' title="bbox 242 4335 1416 4418; baseline -0.006 -9"><span class='ocrx_word' id='word_1_263' title='bbox 242 4343 440 4411; x_wconf 87' lang='lat' dir='ltr'><strong>consulatum</strong></span> <span class='ocrx_word' id='word_1_264' title='bbox 464 4341 541 4410; x_wconf 92' lang='lat' dir='ltr'><strong>belli</strong></span> <span class='ocrx_word' id='word_1_265' title='bbox 564 4362 647 4410; x_wconf 90' lang='lat' dir='ltr'><strong>anno</strong></span> <span class='ocrx_word' id='word_1_266' title='bbox 672 4339 989 4409; x_wconf 86' lang='lat' dir='ltr'><strong>duodevicesimo.</strong></span> <span class='ocrx_word' id='word_1_267' title='bbox 1035 4339 1104 4404; x_wconf 91' lang='lat' dir='ltr'><strong>Iam</strong></span> <span class='ocrx_word' id='word_1_268' title='bbox 1128 4356 1168 4403; x_wconf 84' lang='lat' dir='ltr'><strong>ex</strong></span> <span class='ocrx_word' id='word_1_269' title='bbox 1191 4337 1264 4404; x_wconf 87' lang='lat' dir='ltr'><strong>aliis</strong></span> <span class='ocrx_word' id='word_1_270' title='bbox 1283 4335 1416 4418; x_wconf 93' lang='lat' dir='ltr'><strong>Polybii</strong></span> 
     </span>
    </p>
   </div>
   <div class='ocr_carea' id='block_1_6' title="bbox 0 0 1638 5062">
    <p class='ocr_par' dir='ltr' id='par_1_8' title="bbox 0 0 1638 5062">
     <span class='ocr_line' id='line_1_38' title="bbox 0 0 1638 5062; baseline 0 2"><span class='ocrx_word' id='word_1_271' title='bbox 0 0 1638 5062; x_wconf 95' lang='lat' dir='ltr'><strong> </strong></span> 
     </span>
    </p>
   </div>
  </div>
 </body>
</html>
