<?xml version="1.0" encoding="UTF-8"?>
<!DOCTYPE html PUBLIC "-//W3C//DTD XHTML 1.0 Transitional//EN"
    "http://www.w3.org/TR/xhtml1/DTD/xhtml1-transitional.dtd">
<html xmlns="http://www.w3.org/1999/xhtml" xml:lang="en" lang="en">
 <head>
  <title>
</title>
<meta http-equiv="Content-Type" content="text/html;charset=utf-8" />
  <meta name='ocr-system' content='tesseract 3.04.00' />
  <meta name='ocr-capabilities' content='ocr_page ocr_carea ocr_par ocr_line ocrx_word'/>
</head>
<body>
  <div class='ocr_page' id='page_1' title='image "./depolybiiolympi00seipgoog_0021.png"; bbox 0 0 3266 5062; ppageno 0'>
   <div class='ocr_carea' id='block_1_1' title="bbox 734 309 956 373">
    <p class='ocr_par' dir='ltr' id='par_1_1' title="bbox 734 309 956 373">
     <span class='ocr_line' id='line_1_1' title="bbox 734 309 956 373; baseline 0.005 -19"><span class='ocrx_word' id='word_1_1' title='bbox 734 309 956 373; x_wconf 67' lang='lat'>„16-</span> 
     </span>
    </p>
   </div>
   <div class='ocr_carea' id='block_1_2' title="bbox 255 485 1434 1320">
    <p class='ocr_par' dir='ltr' id='par_1_2' title="bbox 255 485 1434 891">
     <span class='ocr_line' id='line_1_2' title="bbox 346 485 1432 571; baseline -0.002 -17"><span class='ocrx_word' id='word_1_2' title='bbox 346 487 382 554; x_wconf 87' lang='lat' dir='ltr'><strong>Si</strong></span> <span class='ocrx_word' id='word_1_3' title='bbox 410 485 602 571; x_wconf 85' lang='lat' dir='ltr'><strong>olympiadis</strong></span> <span class='ocrx_word' id='word_1_4' title='bbox 632 486 698 551; x_wconf 85' lang='grc'><strong>140</strong></span> <span class='ocrx_word' id='word_1_5' title='bbox 724 485 846 567; x_wconf 92' lang='lat' dir='ltr'><strong>primus</strong></span> <span class='ocrx_word' id='word_1_6' title='bbox 875 505 978 552; x_wconf 89' lang='lat' dir='ltr'><strong>annus</strong></span> <span class='ocrx_word' id='word_1_7' title='bbox 1006 485 1126 552; x_wconf 89' lang='lat' dir='ltr'><strong>desinit</strong></span> <span class='ocrx_word' id='word_1_8' title='bbox 1151 486 1310 552; x_wconf 77' lang='lat' dir='ltr'><strong>Kalendis</strong></span> <span class='ocrx_word' id='word_1_9' title='bbox 1337 486 1432 553; x_wconf 90' lang='lat' dir='ltr'><strong>Octo·</strong></span> 
     </span>
     <span class='ocr_line' id='line_1_3' title="bbox 255 592 1434 678; baseline 0 -20"><span class='ocrx_word' id='word_1_10' title='bbox 255 593 376 674; x_wconf 79' lang='lat' dir='ltr'><strong>bribus</strong></span> <span class='ocrx_word' id='word_1_11' title='bbox 396 595 537 660; x_wconf 91' lang='lat' dir='ltr'><strong>eiusdem</strong></span> <span class='ocrx_word' id='word_1_12' title='bbox 557 592 751 678; x_wconf 84' lang='lat' dir='ltr'><strong>olympiadis</strong></span> <span class='ocrx_word' id='word_1_13' title='bbox 770 594 943 660; x_wconf 90' lang='lat' dir='ltr'><strong>secundum</strong></span> <span class='ocrx_word' id='word_1_14' title='bbox 963 597 1212 659; x_wconf 89' lang='lat' dir='ltr'><strong>consentaneum</strong></span> <span class='ocrx_word' id='word_1_15' title='bbox 1227 597 1277 658; x_wconf 90' lang='lat' dir='ltr'><strong>est</strong></span> <span class='ocrx_word' id='word_1_16' title='bbox 1289 593 1434 674; x_wconf 89' lang='lat' dir='ltr'><strong>incipere</strong></span> 
     </span>
     <span class='ocr_line' id='line_1_4' title="bbox 257 699 1434 788; baseline -0.001 -21"><span class='ocrx_word' id='word_1_17' title='bbox 257 701 297 767; x_wconf 87' lang='lat' dir='ltr'><strong>ab</strong></span> <span class='ocrx_word' id='word_1_18' title='bbox 335 701 444 766; x_wconf 92' lang='lat' dir='ltr'><strong>eodem</strong></span> <span class='ocrx_word' id='word_1_19' title='bbox 481 705 635 781; x_wconf 90' lang='lat' dir='ltr'><strong>tempore.</strong></span> <span class='ocrx_word' id='word_1_20' title='bbox 680 701 846 766; x_wconf 85' lang='lat' dir='ltr'><strong>Habemus</strong></span> <span class='ocrx_word' id='word_1_21' title='bbox 882 699 985 784; x_wconf 90' lang='lat' dir='ltr'><strong>igitur</strong></span> <span class='ocrx_word' id='word_1_22' title='bbox 1020 701 1105 788; x_wconf 84' lang='lat' dir='ltr'><strong>hunc</strong></span> <span class='ocrx_word' id='word_1_23' title='bbox 1142 699 1334 782; x_wconf 83' lang='lat' dir='ltr'><strong>olympiadis</strong></span> <span class='ocrx_word' id='word_1_24' title='bbox 1368 702 1434 766; x_wconf 89' lang='grc'><strong>140</strong></span> 
     </span>
     <span class='ocr_line' id='line_1_5' title="bbox 259 811 478 891; baseline -0.009 -18"><span class='ocrx_word' id='word_1_25' title='bbox 259 811 478 891; x_wconf 90' lang='lat' dir='ltr'><strong>conspectum:</strong></span> 
     </span>
    </p>

    <p class='ocr_par' dir='ltr' id='par_1_3' title="bbox 579 913 1061 980">
     <span class='ocr_line' id='line_1_6' title="bbox 579 913 1061 980; baseline 0 -2"><span class='ocrx_word' id='word_1_26' title='bbox 579 915 606 980; x_wconf 91' lang='lat'><strong>1.</strong></span> <span class='ocrx_word' id='word_1_27' title='bbox 630 933 670 979; x_wconf 87' lang='lat' dir='ltr'><strong>nr.</strong></span> <span class='ocrx_word' id='word_1_28' title='bbox 694 913 783 979; x_wconf 83' lang='lat' dir='ltr'><strong>Sext.</strong></span> <span class='ocrx_word' id='word_1_29' title='bbox 825 951 868 960; x_wconf 92' lang='lat'>-</span> <span class='ocrx_word' id='word_1_30' title='bbox 892 913 966 978; x_wconf 90' lang='lat' dir='ltr'><strong>Kal.</strong></span> <span class='ocrx_word' id='word_1_31' title='bbox 990 913 1061 978; x_wconf 92' lang='lat' dir='ltr'><strong>Oct.</strong></span> 
     </span>
    </p>

    <p class='ocr_par' dir='ltr' id='par_1_4' title="bbox 579 1020 867 1086">
     <span class='ocr_line' id='line_1_7' title="bbox 579 1020 867 1086; baseline 0.003 -2"><span class='ocrx_word' id='word_1_32' title='bbox 579 1021 607 1086; x_wconf 81' lang='lat'><strong>2.</strong></span> <span class='ocrx_word' id='word_1_33' title='bbox 631 1021 705 1086; x_wconf 92' lang='lat' dir='ltr'><strong>Kal.</strong></span> <span class='ocrx_word' id='word_1_34' title='bbox 728 1020 799 1086; x_wconf 92' lang='lat' dir='ltr'><strong>Oct.</strong></span> <span class='ocrx_word' id='word_1_35' title='bbox 822 1059 867 1066; x_wconf 98' lang='lat'><strong>—</strong></span> 
     </span>
    </p>

    <p class='ocr_par' dir='ltr' id='par_1_5' title="bbox 577 1127 1062 1195">
     <span class='ocr_line' id='line_1_8' title="bbox 577 1127 1062 1195; baseline -0.002 -3"><span class='ocrx_word' id='word_1_36' title='bbox 577 1129 606 1193; x_wconf 86' lang='lat'><strong>3.</strong></span> <span class='ocrx_word' id='word_1_37' title='bbox 893 1128 967 1195; x_wconf 89' lang='lat' dir='ltr'><strong>Kal.</strong></span> <span class='ocrx_word' id='word_1_38' title='bbox 991 1127 1062 1194; x_wconf 91' lang='lat' dir='ltr'><strong>Oct.</strong></span> 
     </span>
    </p>

    <p class='ocr_par' dir='ltr' id='par_1_6' title="bbox 576 1232 1293 1320">
     <span class='ocr_line' id='line_1_9' title="bbox 576 1232 1293 1320; baseline 0.004 -23"><span class='ocrx_word' id='word_1_39' title='bbox 576 1235 607 1299; x_wconf 88' lang='lat'><strong>4.</strong></span> <span class='ocrx_word' id='word_1_40' title='bbox 630 1235 703 1301; x_wconf 89' lang='lat' dir='ltr'><strong>Kal.</strong></span> <span class='ocrx_word' id='word_1_41' title='bbox 728 1233 799 1300; x_wconf 91' lang='lat' dir='ltr'><strong>Oct.</strong></span> <span class='ocrx_word' id='word_1_42' title='bbox 823 1271 865 1282; x_wconf 88' lang='lat'>—</span> <span class='ocrx_word' id='word_1_43' title='bbox 890 1253 928 1300; x_wconf 90' lang='lat' dir='ltr'><strong>m.</strong></span> <span class='ocrx_word' id='word_1_44' title='bbox 953 1233 1080 1317; x_wconf 81' lang='lat' dir='ltr'><strong>Quinct.</strong></span> <span class='ocrx_word' id='word_1_45' title='bbox 1105 1232 1158 1318; x_wconf 91' lang='lat' dir='ltr'><strong>(m.</strong></span> <span class='ocrx_word' id='word_1_46' title='bbox 1182 1233 1293 1320; x_wconf 84' lang='lat' dir='ltr'><strong>Sext).</strong></span> 
     </span>
    </p>
   </div>
   <div class='ocr_carea' id='block_1_3' title="bbox 253 1374 1433 3907">
    <p class='ocr_par' dir='ltr' id='par_1_7' title="bbox 254 1374 1433 3379">
     <span class='ocr_line' id='line_1_10' title="bbox 347 1374 1431 1459; baseline 0.001 -19"><span class='ocrx_word' id='word_1_47' title='bbox 347 1374 469 1459; x_wconf 80' lang='lat' dir='ltr'><strong>Quibus</strong></span> <span class='ocrx_word' id='word_1_48' title='bbox 502 1376 716 1442; x_wconf 77' lang='lat' dir='ltr'><strong>consideratis</strong></span> <span class='ocrx_word' id='word_1_49' title='bbox 748 1375 827 1442; x_wconf 93' lang='lat' dir='ltr'><strong>mihi</strong></span> <span class='ocrx_word' id='word_1_50' title='bbox 855 1375 981 1456; x_wconf 87' lang='lat' dir='ltr'><strong>quidem</strong></span> <span class='ocrx_word' id='word_1_51' title='bbox 1008 1395 1072 1442; x_wconf 88' lang='lat' dir='ltr'><strong>non</strong></span> <span class='ocrx_word' id='word_1_52' title='bbox 1100 1382 1151 1442; x_wconf 91' lang='lat' dir='ltr'><strong>est</strong></span> <span class='ocrx_word' id='word_1_53' title='bbox 1179 1377 1322 1457; x_wconf 90' lang='lat' dir='ltr'><strong>dubium,</strong></span> <span class='ocrx_word' id='word_1_54' title='bbox 1354 1376 1431 1456; x_wconf 89' lang='lat' dir='ltr'><strong>quin</strong></span> 
     </span>
     <span class='ocr_line' id='line_1_11' title="bbox 257 1480 1433 1566; baseline 0.002 -20"><span class='ocrx_word' id='word_1_55' title='bbox 257 1480 450 1564; x_wconf 89' lang='lat' dir='ltr'><strong>olympiadis</strong></span> <span class='ocrx_word' id='word_1_56' title='bbox 485 1482 550 1546; x_wconf 86' lang='grc'><strong>140</strong></span> <span class='ocrx_word' id='word_1_57' title='bbox 584 1483 705 1566; x_wconf 81' lang='lat' dir='ltr'><strong>singuli</strong></span> <span class='ocrx_word' id='word_1_58' title='bbox 738 1482 815 1549; x_wconf 90' lang='lat' dir='ltr'><strong>anni</strong></span> <span class='ocrx_word' id='word_1_59' title='bbox 847 1489 983 1565; x_wconf 90' lang='lat' dir='ltr'><strong>excepto</strong></span> <span class='ocrx_word' id='word_1_60' title='bbox 1016 1483 1110 1548; x_wconf 89' lang='lat' dir='ltr'><strong>initio</strong></span> <span class='ocrx_word' id='word_1_61' title='bbox 1139 1482 1235 1566; x_wconf 90' lang='lat' dir='ltr'><strong>primi</strong></span> <span class='ocrx_word' id='word_1_62' title='bbox 1263 1487 1297 1549; x_wconf 92' lang='lat' dir='ltr'><strong>et</strong></span> <span class='ocrx_word' id='word_1_63' title='bbox 1324 1483 1433 1564; x_wconf 89' lang='lat' dir='ltr'><strong>quarti</strong></span> 
     </span>
     <span class='ocr_line' id='line_1_12' title="bbox 256 1585 1432 1671; baseline 0 -18"><span class='ocrx_word' id='word_1_64' title='bbox 256 1589 347 1654; x_wconf 91' lang='lat' dir='ltr'><strong>exitu</strong></span> <span class='ocrx_word' id='word_1_65' title='bbox 371 1593 506 1653; x_wconf 87' lang='lat' dir='ltr'><strong>currant</strong></span> <span class='ocrx_word' id='word_1_66' title='bbox 528 1608 548 1654; x_wconf 91' lang='lat' dir='ltr'><strong>a</strong></span> <span class='ocrx_word' id='word_1_67' title='bbox 567 1588 725 1656; x_wconf 88' lang='lat' dir='ltr'><strong>Kalendis</strong></span> <span class='ocrx_word' id='word_1_68' title='bbox 745 1590 940 1656; x_wconf 71' lang='lat' dir='ltr'><strong>Octobribus</strong></span> <span class='ocrx_word' id='word_1_69' title='bbox 960 1609 1059 1671; x_wconf 88' lang='lat' dir='ltr'><strong>usque</strong></span> <span class='ocrx_word' id='word_1_70' title='bbox 1075 1585 1121 1654; x_wconf 79' lang='lat' dir='ltr'><strong>bd</strong></span> <span class='ocrx_word' id='word_1_71' title='bbox 1139 1591 1272 1655; x_wconf 90' lang='lat' dir='ltr'><strong>eundem</strong></span> <span class='ocrx_word' id='word_1_72' title='bbox 1293 1589 1432 1671; x_wconf 84' lang='lat' dir='ltr'><strong>proximi</strong></span> 
     </span>
     <span class='ocr_line' id='line_1_13' title="bbox 257 1693 1432 1779; baseline 0 -19"><span class='ocrx_word' id='word_1_73' title='bbox 257 1693 334 1760; x_wconf 91' lang='lat' dir='ltr'><strong>anni</strong></span> <span class='ocrx_word' id='word_1_74' title='bbox 353 1694 445 1770; x_wconf 92' lang='lat' dir='ltr'><strong>diem,</strong></span> <span class='ocrx_word' id='word_1_75' title='bbox 468 1695 570 1760; x_wconf 92' lang='lat' dir='ltr'><strong>totius</strong></span> <span class='ocrx_word' id='word_1_76' title='bbox 589 1701 697 1762; x_wconf 91' lang='lat' dir='ltr'><strong>autem</strong></span> <span class='ocrx_word' id='word_1_77' title='bbox 718 1694 910 1779; x_wconf 90' lang='lat' dir='ltr'><strong>olympiadis</strong></span> <span class='ocrx_word' id='word_1_78' title='bbox 929 1702 963 1762; x_wconf 92' lang='lat' dir='ltr'><strong>et</strong></span> <span class='ocrx_word' id='word_1_79' title='bbox 981 1695 1108 1762; x_wconf 91' lang='lat' dir='ltr'><strong>initium</strong></span> <span class='ocrx_word' id='word_1_80' title='bbox 1129 1701 1162 1761; x_wconf 90' lang='lat' dir='ltr'><strong>et</strong></span> <span class='ocrx_word' id='word_1_81' title='bbox 1180 1695 1253 1762; x_wconf 90' lang='lat' dir='ltr'><strong>finis</strong></span> <span class='ocrx_word' id='word_1_82' title='bbox 1272 1700 1432 1779; x_wconf 83' lang='lat' dir='ltr'><strong>congruat</strong></span> 
     </span>
     <span class='ocr_line' id='line_1_14' title="bbox 256 1801 1430 1885; baseline 0.003 -20"><span class='ocrx_word' id='word_1_83' title='bbox 256 1819 328 1866; x_wconf 92' lang='lat' dir='ltr'><strong>cum</strong></span> <span class='ocrx_word' id='word_1_84' title='bbox 355 1801 554 1882; x_wconf 89' lang='lat' dir='ltr'><strong>temporibus</strong></span> <span class='ocrx_word' id='word_1_85' title='bbox 581 1803 622 1868; x_wconf 89' lang='lat' dir='ltr'><strong>ab</strong></span> <span class='ocrx_word' id='word_1_86' title='bbox 650 1803 842 1869; x_wconf 90' lang='lat' dir='ltr'><strong>astronomis</strong></span> <span class='ocrx_word' id='word_1_87' title='bbox 870 1803 1064 1885; x_wconf 91' lang='lat' dir='ltr'><strong>computatis</strong></span> <span class='ocrx_word' id='word_1_88' title='bbox 1092 1807 1126 1868; x_wconf 95' lang='lat' dir='ltr'><strong>et</strong></span> <span class='ocrx_word' id='word_1_89' title='bbox 1153 1803 1276 1884; x_wconf 89' lang='lat' dir='ltr'><strong>primae</strong></span> <span class='ocrx_word' id='word_1_90' title='bbox 1304 1803 1430 1884; x_wconf 89' lang='lat' dir='ltr'><strong>quidem</strong></span> 
     </span>
     <span class='ocr_line' id='line_1_15' title="bbox 256 1906 1430 1992; baseline 0.002 -21"><span class='ocrx_word' id='word_1_91' title='bbox 256 1906 353 1972; x_wconf 90' lang='lat' dir='ltr'><strong>seriei</strong></span> <span class='ocrx_word' id='word_1_92' title='bbox 376 1906 472 1992; x_wconf 81' lang='lat' dir='ltr'><strong>(pti).</strong></span> <span class='ocrx_word' id='word_1_93' title='bbox 520 1908 594 1974; x_wconf 82' lang='lat' dir='ltr'><strong>Tali</strong></span> <span class='ocrx_word' id='word_1_94' title='bbox 621 1915 728 1974; x_wconf 91' lang='lat' dir='ltr'><strong>autem</strong></span> <span class='ocrx_word' id='word_1_95' title='bbox 757 1909 988 1975; x_wconf 88' lang='lat' dir='ltr'><strong>inconstantia</strong></span> <span class='ocrx_word' id='word_1_96' title='bbox 1005 1929 1062 1974; x_wconf 89' lang='lat' dir='ltr'><strong>cur</strong></span> <span class='ocrx_word' id='word_1_97' title='bbox 1088 1927 1166 1975; x_wconf 89' lang='lat' dir='ltr'><strong>usus</strong></span> <span class='ocrx_word' id='word_1_98' title='bbox 1194 1909 1238 1976; x_wconf 93' lang='lat' dir='ltr'><strong>sit</strong></span> <span class='ocrx_word' id='word_1_99' title='bbox 1267 1909 1430 1992; x_wconf 90' lang='lat' dir='ltr'><strong>Polybius,</strong></span> 
     </span>
     <span class='ocr_line' id='line_1_16' title="bbox 256 2013 1430 2098; baseline 0.003 -21"><span class='ocrx_word' id='word_1_100' title='bbox 256 2032 296 2078; x_wconf 89' lang='lat' dir='ltr'><strong>cx</strong></span> <span class='ocrx_word' id='word_1_101' title='bbox 325 2013 397 2096; x_wconf 90' lang='lat' dir='ltr'><strong>ipsa</strong></span> <span class='ocrx_word' id='word_1_102' title='bbox 424 2033 460 2080; x_wconf 94' lang='lat' dir='ltr'><strong>re</strong></span> <span class='ocrx_word' id='word_1_103' title='bbox 488 2014 525 2080; x_wconf 90' lang='lat' dir='ltr'><strong>fit</strong></span> <span class='ocrx_word' id='word_1_104' title='bbox 552 2015 767 2082; x_wconf 83' lang='lat' dir='ltr'><strong>manifestum.</strong></span> <span class='ocrx_word' id='word_1_105' title='bbox 812 2017 944 2082; x_wconf 91' lang='lat' dir='ltr'><strong>Incerta</strong></span> <span class='ocrx_word' id='word_1_106' title='bbox 971 2015 1055 2082; x_wconf 91' lang='lat' dir='ltr'><strong>enim</strong></span> <span class='ocrx_word' id='word_1_107' title='bbox 1084 2016 1298 2098; x_wconf 88' lang='lat' dir='ltr'><strong>olympiadum</strong></span> <span class='ocrx_word' id='word_1_108' title='bbox 1327 2015 1430 2094; x_wconf 88' lang='lat' dir='ltr'><strong>initia,</strong></span> 
     </span>
     <span class='ocr_line' id='line_1_17' title="bbox 256 2120 1431 2206; baseline -0.001 -19"><span class='ocrx_word' id='word_1_109' title='bbox 256 2122 341 2200; x_wconf 88' lang='lat' dir='ltr'><strong>quod</strong></span> <span class='ocrx_word' id='word_1_110' title='bbox 364 2121 456 2186; x_wconf 93' lang='lat' dir='ltr'><strong>modo</strong></span> <span class='ocrx_word' id='word_1_111' title='bbox 479 2140 589 2187; x_wconf 90' lang='lat' dir='ltr'><strong>meuse</strong></span> <span class='ocrx_word' id='word_1_112' title='bbox 612 2120 730 2188; x_wconf 86' lang='lat' dir='ltr'><strong>Sextili</strong></span> <span class='ocrx_word' id='word_1_113' title='bbox 752 2123 844 2188; x_wconf 94' lang='lat' dir='ltr'><strong>modo</strong></span> <span class='ocrx_word' id='word_1_114' title='bbox 867 2122 1049 2204; x_wconf 83' lang='lat' dir='ltr'><strong>Septembri</strong></span> <span class='ocrx_word' id='word_1_115' title='bbox 1072 2123 1254 2205; x_wconf 86' lang='lat' dir='ltr'><strong>agebantur</strong></span> <span class='ocrx_word' id='word_1_116' title='bbox 1272 2121 1431 2206; x_wconf 87' lang='lat' dir='ltr'><strong>Olympia,</strong></span> 
     </span>
     <span class='ocr_line' id='line_1_18' title="bbox 255 2227 1430 2312; baseline 0 -21"><span class='ocrx_word' id='word_1_117' title='bbox 255 2229 402 2308; x_wconf 89' lang='lat' dir='ltr'><strong>putanda</strong></span> <span class='ocrx_word' id='word_1_118' title='bbox 426 2233 502 2292; x_wconf 91' lang='lat' dir='ltr'><strong>sunt</strong></span> <span class='ocrx_word' id='word_1_119' title='bbox 524 2247 619 2308; x_wconf 86' lang='lat' dir='ltr'><strong>quam</strong></span> <span class='ocrx_word' id='word_1_120' title='bbox 643 2229 854 2312; x_wconf 91' lang='lat' dir='ltr'><strong>gravissimas</strong></span> <span class='ocrx_word' id='word_1_121' title='bbox 876 2248 982 2294; x_wconf 90' lang='lat' dir='ltr'><strong>rerum</strong></span> <span class='ocrx_word' id='word_1_122' title='bbox 1007 2229 1219 2310; x_wconf 90' lang='lat' dir='ltr'><strong>scriptoribus</strong></span> <span class='ocrx_word' id='word_1_123' title='bbox 1242 2227 1430 2310; x_wconf 88' lang='lat' dir='ltr'><strong>praebuisse</strong></span> 
     </span>
     <span class='ocr_line' id='line_1_19' title="bbox 256 2332 1426 2419; baseline 0 -22"><span class='ocrx_word' id='word_1_124' title='bbox 256 2332 473 2399; x_wconf 83' lang='lat' dir='ltr'><strong>difficultates.</strong></span> <span class='ocrx_word' id='word_1_125' title='bbox 520 2333 608 2417; x_wconf 82' lang='lat' dir='ltr'><strong>Quas</strong></span> <span class='ocrx_word' id='word_1_126' title='bbox 631 2334 776 2417; x_wconf 85' lang='lat' dir='ltr'><strong>profecto</strong></span> <span class='ocrx_word' id='word_1_127' title='bbox 794 2335 925 2402; x_wconf 80' lang='lat' dir='ltr'><strong>uidetur</strong></span> <span class='ocrx_word' id='word_1_128' title='bbox 947 2335 1152 2417; x_wconf 85' lang='lat' dir='ltr'><strong>perspexisse</strong></span> <span class='ocrx_word' id='word_1_129' title='bbox 1171 2334 1335 2419; x_wconf 90' lang='lat' dir='ltr'><strong>Polybius,</strong></span> <span class='ocrx_word' id='word_1_130' title='bbox 1358 2352 1426 2398; x_wconf 90' lang='lat' dir='ltr'><strong>cum</strong></span> 
     </span>
     <span class='ocr_line' id='line_1_20' title="bbox 255 2438 1428 2524; baseline 0 -20"><span class='ocrx_word' id='word_1_131' title='bbox 255 2439 297 2504; x_wconf 92' lang='lat' dir='ltr'><strong>ad</strong></span> <span class='ocrx_word' id='word_1_132' title='bbox 320 2458 373 2505; x_wconf 93' lang='lat' dir='ltr'><strong>res</strong></span> <span class='ocrx_word' id='word_1_133' title='bbox 397 2438 535 2523; x_wconf 88' lang='lat' dir='ltr'><strong>singulis</strong></span> <span class='ocrx_word' id='word_1_134' title='bbox 554 2439 647 2506; x_wconf 88' lang='lat' dir='ltr'><strong>annis</strong></span> <span class='ocrx_word' id='word_1_135' title='bbox 666 2441 892 2508; x_wconf 90' lang='lat' dir='ltr'><strong>attribuendas</strong></span> <span class='ocrx_word' id='word_1_136' title='bbox 911 2441 1044 2508; x_wconf 87' lang='lat' dir='ltr'><strong>adhibet</strong></span> <span class='ocrx_word' id='word_1_137' title='bbox 1061 2461 1125 2507; x_wconf 91' lang='lat' dir='ltr'><strong>non</strong></span> <span class='ocrx_word' id='word_1_138' title='bbox 1144 2446 1210 2507; x_wconf 92' lang='lat' dir='ltr'><strong>tam</strong></span> <span class='ocrx_word' id='word_1_139' title='bbox 1231 2440 1428 2524; x_wconf 89' lang='lat' dir='ltr'><strong>olympiades</strong></span> 
     </span>
     <span class='ocr_line' id='line_1_21' title="bbox 256 2545 1430 2632; baseline -0.001 -21"><span class='ocrx_word' id='word_1_140' title='bbox 256 2564 352 2626; x_wconf 89' lang='lat' dir='ltr'><strong>quam</strong></span> <span class='ocrx_word' id='word_1_141' title='bbox 380 2545 580 2630; x_wconf 90' lang='lat' dir='ltr'><strong>singularum</strong></span> <span class='ocrx_word' id='word_1_142' title='bbox 609 2546 776 2614; x_wconf 88' lang='lat' dir='ltr'><strong>civitatum</strong></span> <span class='ocrx_word' id='word_1_143' title='bbox 804 2548 1030 2632; x_wconf 78' lang='lat' dir='ltr'><strong>magistratus,</strong></span> <span class='ocrx_word' id='word_1_144' title='bbox 1058 2548 1106 2615; x_wconf 90' lang='lat' dir='ltr'><strong>ita</strong></span> <span class='ocrx_word' id='word_1_145' title='bbox 1134 2554 1171 2614; x_wconf 94' lang='lat' dir='ltr'><strong>ut</strong></span> <span class='ocrx_word' id='word_1_146' title='bbox 1193 2548 1362 2613; x_wconf 86' lang='lat' dir='ltr'><strong>admodum</strong></span> <span class='ocrx_word' id='word_1_147' title='bbox 1386 2545 1430 2611; x_wconf 93' lang='lat' dir='ltr'><strong>sit</strong></span> 
     </span>
     <span class='ocr_line' id='line_1_22' title="bbox 255 2653 1429 2737; baseline 0.001 -21"><span class='ocrx_word' id='word_1_148' title='bbox 255 2671 334 2718; x_wconf 91' lang='lat' dir='ltr'><strong>rara</strong></span> <span class='ocrx_word' id='word_1_149' title='bbox 374 2671 482 2718; x_wconf 89' lang='lat' dir='ltr'><strong>rerum</strong></span> <span class='ocrx_word' id='word_1_150' title='bbox 519 2673 559 2719; x_wconf 91' lang='lat' dir='ltr'><strong>ex</strong></span> <span class='ocrx_word' id='word_1_151' title='bbox 597 2653 822 2737; x_wconf 88' lang='lat' dir='ltr'><strong>Olympiadum</strong></span> <span class='ocrx_word' id='word_1_152' title='bbox 859 2654 986 2722; x_wconf 91' lang='lat' dir='ltr'><strong>ratione</strong></span> <span class='ocrx_word' id='word_1_153' title='bbox 1028 2655 1205 2736; x_wconf 91' lang='lat' dir='ltr'><strong>dispositio.</strong></span> <span class='ocrx_word' id='word_1_154' title='bbox 1251 2654 1316 2721; x_wconf 81' lang='lat' dir='ltr'><strong>Sed</strong></span> <span class='ocrx_word' id='word_1_155' title='bbox 1353 2653 1429 2718; x_wconf 90' lang='lat' dir='ltr'><strong>illae</strong></span> 
     </span>
     <span class='ocr_line' id='line_1_23' title="bbox 257 2757 1431 2845; baseline 0.002 -23"><span class='ocrx_word' id='word_1_156' title='bbox 257 2757 468 2824; x_wconf 87' lang='lat' dir='ltr'><strong>difficultates</strong></span> <span class='ocrx_word' id='word_1_157' title='bbox 504 2759 658 2826; x_wconf 84' lang='lat' dir='ltr'><strong>facillime</strong></span> <span class='ocrx_word' id='word_1_158' title='bbox 694 2766 871 2842; x_wconf 90' lang='lat' dir='ltr'><strong>potuerunt</strong></span> <span class='ocrx_word' id='word_1_159' title='bbox 902 2761 990 2841; x_wconf 88' lang='lat' dir='ltr'><strong>tolli,</strong></span> <span class='ocrx_word' id='word_1_160' title='bbox 1025 2761 1193 2828; x_wconf 91' lang='lat' dir='ltr'><strong>dummodo</strong></span> <span class='ocrx_word' id='word_1_161' title='bbox 1232 2760 1431 2845; x_wconf 85' lang='lat' dir='ltr'><strong>singulorum</strong></span> 
     </span>
     <span class='ocr_line' id='line_1_24' title="bbox 255 2863 1430 2948; baseline 0.003 -20"><span class='ocrx_word' id='word_1_162' title='bbox 255 2883 411 2930; x_wconf 89' lang='lat' dir='ltr'><strong>annorum</strong></span> <span class='ocrx_word' id='word_1_163' title='bbox 448 2863 545 2930; x_wconf 89' lang='lat' dir='ltr'><strong>initia</strong></span> <span class='ocrx_word' id='word_1_164' title='bbox 581 2866 902 2934; x_wconf 90' lang='lat' dir='ltr'><strong>adcommodareutur</strong></span> <span class='ocrx_word' id='word_1_165' title='bbox 938 2869 980 2933; x_wconf 88' lang='lat' dir='ltr'><strong>ad</strong></span> <span class='ocrx_word' id='word_1_166' title='bbox 1016 2868 1153 2934; x_wconf 91' lang='lat' dir='ltr'><strong>aestatis</strong></span> <span class='ocrx_word' id='word_1_167' title='bbox 1188 2867 1291 2933; x_wconf 91' lang='lat' dir='ltr'><strong>finem.</strong></span> <span class='ocrx_word' id='word_1_168' title='bbox 1338 2866 1430 2948; x_wconf 78' lang='lat' dir='ltr'><strong>Quod</strong></span> 
     </span>
     <span class='ocr_line' id='line_1_25' title="bbox 255 2969 1430 3055; baseline 0.001 -20"><span class='ocrx_word' id='word_1_169' title='bbox 255 2969 334 3036; x_wconf 84' lang='lat' dir='ltr'><strong>fecit</strong></span> <span class='ocrx_word' id='word_1_170' title='bbox 352 2970 508 3054; x_wconf 91' lang='lat' dir='ltr'><strong>Polybius</strong></span> <span class='ocrx_word' id='word_1_171' title='bbox 531 2971 566 3036; x_wconf 91' lang='lat' dir='ltr'><strong>in</strong></span> <span class='ocrx_word' id='word_1_172' title='bbox 588 2992 695 3039; x_wconf 90' lang='lat' dir='ltr'><strong>rerum</strong></span> <span class='ocrx_word' id='word_1_173' title='bbox 715 2973 913 3042; x_wconf 80' lang='lat' dir='ltr'><strong>Graecarum</strong></span> <span class='ocrx_word' id='word_1_174' title='bbox 937 2993 1033 3055; x_wconf 89' lang='lat' dir='ltr'><strong>quam</strong></span> <span class='ocrx_word' id='word_1_175' title='bbox 1056 2973 1224 3040; x_wconf 90' lang='lat' dir='ltr'><strong>continent</strong></span> <span class='ocrx_word' id='word_1_176' title='bbox 1242 2979 1377 3055; x_wconf 85' lang='lat' dir='ltr'><strong>quartus</strong></span> <span class='ocrx_word' id='word_1_177' title='bbox 1396 2980 1430 3037; x_wconf 92' lang='lat' dir='ltr'><strong>et</strong></span> 
     </span>
     <span class='ocr_line' id='line_1_26' title="bbox 256 3076 1430 3163; baseline 0 -21"><span class='ocrx_word' id='word_1_178' title='bbox 256 3076 387 3157; x_wconf 89' lang='lat' dir='ltr'><strong>quintus</strong></span> <span class='ocrx_word' id='word_1_179' title='bbox 426 3077 509 3143; x_wconf 91' lang='lat' dir='ltr'><strong>liber</strong></span> <span class='ocrx_word' id='word_1_180' title='bbox 540 3079 742 3161; x_wconf 87' lang='lat' dir='ltr'><strong>narratione,</strong></span> <span class='ocrx_word' id='word_1_181' title='bbox 778 3081 970 3163; x_wconf 88' lang='lat' dir='ltr'><strong>praesertim</strong></span> <span class='ocrx_word' id='word_1_182' title='bbox 1007 3099 1078 3146; x_wconf 89' lang='lat' dir='ltr'><strong>cum</strong></span> <span class='ocrx_word' id='word_1_183' title='bbox 1115 3080 1363 3163; x_wconf 83' lang='lat' dir='ltr'><strong>magistratuum</strong></span> <span class='ocrx_word' id='word_1_184' title='bbox 1396 3087 1430 3142; x_wconf 92' lang='lat' dir='ltr'><strong>et</strong></span> 
     </span>
     <span class='ocr_line' id='line_1_27' title="bbox 254 3184 1429 3260; baseline 0.002 -13"><span class='ocrx_word' id='word_1_185' title='bbox 254 3184 458 3250; x_wconf 86' lang='lat' dir='ltr'><strong>Achaeorum</strong></span> <span class='ocrx_word' id='word_1_186' title='bbox 478 3189 512 3251; x_wconf 93' lang='lat' dir='ltr'><strong>et</strong></span> <span class='ocrx_word' id='word_1_187' title='bbox 529 3185 718 3252; x_wconf 86' lang='lat' dir='ltr'><strong>Aetolorum</strong></span> <span class='ocrx_word' id='word_1_188' title='bbox 737 3187 814 3253; x_wconf 91' lang='lat' dir='ltr'><strong>anni</strong></span> <span class='ocrx_word' id='word_1_189' title='bbox 833 3193 1002 3254; x_wconf 87' lang='lat' dir='ltr'><strong>currerent</strong></span> <span class='ocrx_word' id='word_1_190' title='bbox 1020 3206 1040 3252; x_wconf 90' lang='lat' dir='ltr'><strong>a</strong></span> <span class='ocrx_word' id='word_1_191' title='bbox 1058 3187 1216 3260; x_wconf 89' lang='lat' dir='ltr'><strong>Kalendis</strong></span> <span class='ocrx_word' id='word_1_192' title='bbox 1235 3184 1429 3253; x_wconf 89' lang='lat' dir='ltr'><strong>Octobribus</strong></span> 
     </span>
     <span class='ocr_line' id='line_1_28' title="bbox 254 3290 952 3379; baseline 0.007 -24"><span class='ocrx_word' id='word_1_193' title='bbox 254 3291 419 3371; x_wconf 88' lang='lat' dir='ltr'><strong>usquead</strong></span> <span class='ocrx_word' id='word_1_194' title='bbox 443 3290 583 3356; x_wconf 90' lang='lat' dir='ltr'><strong>eiusdem</strong></span> <span class='ocrx_word' id='word_1_195' title='bbox 606 3292 952 3379; x_wconf 79' lang='lat' dir='ltr'><strong>mensisKalendas1).</strong></span> 
     </span>
    </p>

    <p class='ocr_par' dir='ltr' id='par_1_8' title="bbox 253 3397 1429 3907">
     <span class='ocr_line' id='line_1_29' title="bbox 343 3397 1429 3485; baseline -0.003 -21"><span class='ocrx_word' id='word_1_196' title='bbox 343 3397 546 3464; x_wconf 90' lang='lat' dir='ltr'><strong>Achaeorum</strong></span> <span class='ocrx_word' id='word_1_197' title='bbox 569 3397 672 3480; x_wconf 92' lang='lat' dir='ltr'><strong>igitur</strong></span> <span class='ocrx_word' id='word_1_198' title='bbox 694 3419 778 3465; x_wconf 92' lang='lat' dir='ltr'><strong>anno</strong></span> <span class='ocrx_word' id='word_1_199' title='bbox 798 3400 1056 3467; x_wconf 81' lang='lat' dir='ltr'><strong>adcommodayit</strong></span> <span class='ocrx_word' id='word_1_200' title='bbox 1074 3401 1219 3484; x_wconf 90' lang='lat' dir='ltr'><strong>singulos</strong></span> <span class='ocrx_word' id='word_1_201' title='bbox 1238 3397 1429 3485; x_wconf 91' lang='lat' dir='ltr'><strong>olympiadis</strong></span> 
     </span>
     <span class='ocr_line' id='line_1_30' title="bbox 254 3504 1427 3592; baseline 0 -24"><span class='ocrx_word' id='word_1_202' title='bbox 254 3521 355 3568; x_wconf 91' lang='lat' dir='ltr'><strong>annos</strong></span> <span class='ocrx_word' id='word_1_203' title='bbox 383 3522 486 3585; x_wconf 90' lang='lat' dir='ltr'><strong>neque</strong></span> <span class='ocrx_word' id='word_1_204' title='bbox 514 3509 624 3570; x_wconf 89' lang='lat' dir='ltr'><strong>tamen</strong></span> <span class='ocrx_word' id='word_1_205' title='bbox 652 3507 753 3572; x_wconf 93' lang='lat' dir='ltr'><strong>totius</strong></span> <span class='ocrx_word' id='word_1_206' title='bbox 782 3506 973 3592; x_wconf 92' lang='lat' dir='ltr'><strong>olympiadis</strong></span> <span class='ocrx_word' id='word_1_207' title='bbox 997 3525 1103 3572; x_wconf 90' lang='lat' dir='ltr'><strong>rerum</strong></span> <span class='ocrx_word' id='word_1_208' title='bbox 1127 3507 1256 3574; x_wconf 90' lang='lat' dir='ltr'><strong>initium</strong></span> <span class='ocrx_word' id='word_1_209' title='bbox 1279 3511 1313 3572; x_wconf 94' lang='lat' dir='ltr'><strong>et</strong></span> <span class='ocrx_word' id='word_1_210' title='bbox 1335 3504 1427 3570; x_wconf 91' lang='lat' dir='ltr'><strong>finem</strong></span> 
     </span>
     <span class='ocr_line' id='line_1_31' title="bbox 253 3607 1428 3697; baseline 0.002 -23"><span class='ocrx_word' id='word_1_211' title='bbox 253 3607 405 3689; x_wconf 88' lang='lat' dir='ltr'><strong>mutavit,</strong></span> <span class='ocrx_word' id='word_1_212' title='bbox 449 3611 506 3676; x_wconf 92' lang='lat' dir='ltr'><strong>sed</strong></span> <span class='ocrx_word' id='word_1_213' title='bbox 541 3611 576 3676; x_wconf 88' lang='lat' dir='ltr'><strong>in</strong></span> <span class='ocrx_word' id='word_1_214' title='bbox 612 3611 663 3678; x_wconf 90' lang='lat' dir='ltr'><strong>his</strong></span> <span class='ocrx_word' id='word_1_215' title='bbox 699 3612 860 3680; x_wconf 90' lang='lat' dir='ltr'><strong>rationem</strong></span> <span class='ocrx_word' id='word_1_216' title='bbox 897 3614 996 3680; x_wconf 90' lang='lat' dir='ltr'><strong>habet</strong></span> <span class='ocrx_word' id='word_1_217' title='bbox 1031 3613 1170 3697; x_wconf 90' lang='lat' dir='ltr'><strong>ipsorum</strong></span> <span class='ocrx_word' id='word_1_218' title='bbox 1209 3612 1428 3696; x_wconf 89' lang='lat' dir='ltr'><strong>Olympiorum</strong></span> 
     </span>
     <span class='ocr_line' id='line_1_32' title="bbox 253 3713 1427 3803; baseline 0.002 -24"><span class='ocrx_word' id='word_1_219' title='bbox 253 3713 418 3797; x_wconf 90' lang='lat' dir='ltr'><strong>temporis.</strong></span> <span class='ocrx_word' id='word_1_220' title='bbox 454 3717 549 3782; x_wconf 89' lang='lat' dir='ltr'><strong>Hanc</strong></span> <span class='ocrx_word' id='word_1_221' title='bbox 573 3719 615 3783; x_wconf 90' lang='lat' dir='ltr'><strong>ad</strong></span> <span class='ocrx_word' id='word_1_222' title='bbox 638 3737 753 3785; x_wconf 90' lang='lat' dir='ltr'><strong>novam</strong></span> <span class='ocrx_word' id='word_1_223' title='bbox 777 3719 992 3803; x_wconf 91' lang='lat' dir='ltr'><strong>olympiadum</strong></span> <span class='ocrx_word' id='word_1_224' title='bbox 1014 3717 1173 3786; x_wconf 89' lang='lat' dir='ltr'><strong>rationem</strong></span> <span class='ocrx_word' id='word_1_225' title='bbox 1195 3719 1427 3785; x_wconf 88' lang='lat' dir='ltr'><strong>instituendam</strong></span> 
     </span>
     <span class='ocr_line' id='line_1_33' title="bbox 253 3823 1427 3907; baseline 0.001 -21"><span class='ocrx_word' id='word_1_226' title='bbox 253 3826 424 3904; x_wconf 91' lang='lat' dir='ltr'><strong>praeterea</strong></span> <span class='ocrx_word' id='word_1_227' title='bbox 455 3823 587 3890; x_wconf 87' lang='lat' dir='ltr'><strong>videtur</strong></span> <span class='ocrx_word' id='word_1_228' title='bbox 620 3844 691 3892; x_wconf 91' lang='lat' dir='ltr'><strong>esse</strong></span> <span class='ocrx_word' id='word_1_229' title='bbox 723 3827 896 3906; x_wconf 92' lang='lat' dir='ltr'><strong>adductus,</strong></span> <span class='ocrx_word' id='word_1_230' title='bbox 929 3828 1014 3907; x_wconf 90' lang='lat' dir='ltr'><strong>quod</strong></span> <span class='ocrx_word' id='word_1_231' title='bbox 1042 3833 1080 3893; x_wconf 91' lang='lat' dir='ltr'><strong>ut</strong></span> <span class='ocrx_word' id='word_1_232' title='bbox 1106 3829 1196 3893; x_wconf 91' lang='lat' dir='ltr'><strong>recte</strong></span> <span class='ocrx_word' id='word_1_233' title='bbox 1225 3823 1427 3891; x_wconf 88' lang='lat' dir='ltr'><strong>Nissenius</strong></span> 
     </span>
    </p>
   </div>
   <div class='ocr_carea' id='block_1_4' title="bbox 335 3997 1516 4071">
    <p class='ocr_par' dir='ltr' id='par_1_9' title="bbox 335 3997 1516 4071">
     <span class='ocr_line' id='line_1_34' title="bbox 335 3997 1516 4071; baseline 0 -19"><span class='ocrx_word' id='word_1_234' title='bbox 335 3997 354 4068; x_wconf 84' lang='lat'><strong>¹)</strong></span> <span class='ocrx_word' id='word_1_235' title='bbox 372 4000 540 4055; x_wconf 86' lang='lat' dir='ltr'><strong>Achaeorum</strong></span> <span class='ocrx_word' id='word_1_236' title='bbox 552 4000 732 4070; x_wconf 81' lang='lat' dir='ltr'><strong>magistratus</strong></span> <span class='ocrx_word' id='word_1_237' title='bbox 750 4001 812 4057; x_wconf 91' lang='lat' dir='ltr'><strong>inde</strong></span> <span class='ocrx_word' id='word_1_238' title='bbox 827 4001 861 4055; x_wconf 92' lang='lat' dir='ltr'><strong>ab</strong></span> <span class='ocrx_word' id='word_1_239' title='bbox 871 4001 1031 4071; x_wconf 86' lang='lat' dir='ltr'><strong>olympiadis</strong></span> <span class='ocrx_word' id='word_1_240' title='bbox 1046 4003 1099 4057; x_wconf 88' lang='grc'><strong>140</strong></span> <span class='ocrx_word' id='word_1_241' title='bbox 1114 4008 1211 4071; x_wconf 90' lang='lat' dir='ltr'><strong>quarto</strong></span> <span class='ocrx_word' id='word_1_242' title='bbox 1222 4017 1292 4056; x_wconf 91' lang='lat' dir='ltr'><strong>anno</strong></span> <span class='ocrx_word' id='word_1_243' title='bbox 1305 3999 1331 4053; x_wconf 88' lang='lat' dir='ltr'>V</span> <span class='ocrx_word' id='word_1_244' title='bbox 1341 3997 1427 4064; x_wconf 74' lang='lat' dir='ltr'><strong>rosi</strong></span> <span class='ocrx_word' id='word_1_245' title='bbox 1513 4041 1516 4047; x_wconf 92' lang='lat'><em>.</em></span> 
     </span>
    </p>
   </div>
   <div class='ocr_carea' id='block_1_5' title="bbox 252 4087 1429 4250">
    <p class='ocr_par' dir='ltr' id='par_1_10' title="bbox 252 4087 1429 4250">
     <span class='ocr_line' id='line_1_35' title="bbox 253 4087 1429 4159; baseline -0.001 -18"><span class='ocrx_word' id='word_1_246' title='bbox 253 4089 332 4143; x_wconf 91' lang='lat' dir='ltr'><strong>docet</strong></span> <span class='ocrx_word' id='word_1_247' title='bbox 359 4094 464 4144; x_wconf 90' lang='lat' dir='ltr'><strong>creatos</strong></span> <span class='ocrx_word' id='word_1_248' title='bbox 493 4105 551 4145; x_wconf 90' lang='lat' dir='ltr'><strong>esse</strong></span> <span class='ocrx_word' id='word_1_249' title='bbox 574 4090 706 4145; x_wconf 82' lang='lat' dir='ltr'><strong>Kalendis</strong></span> <span class='ocrx_word' id='word_1_250' title='bbox 730 4090 905 4156; x_wconf 89' lang='lat' dir='ltr'><strong>Octobribus,</strong></span> <span class='ocrx_word' id='word_1_251' title='bbox 933 4091 979 4159; x_wconf 91' lang='lat' dir='ltr'><strong>qui</strong></span> <span class='ocrx_word' id='word_1_252' title='bbox 1002 4091 1111 4148; x_wconf 89' lang='lat' dir='ltr'><strong>diesin</strong></span> <span class='ocrx_word' id='word_1_253' title='bbox 1134 4108 1186 4148; x_wconf 89' lang='lat' dir='ltr'><strong>usu</strong></span> <span class='ocrx_word' id='word_1_254' title='bbox 1208 4091 1264 4146; x_wconf 84' lang='lat' dir='ltr'><strong>luit</strong></span> <span class='ocrx_word' id='word_1_255' title='bbox 1286 4104 1372 4157; x_wconf 88' lang='lat' dir='ltr'><strong>usque</strong></span> <span class='ocrx_word' id='word_1_256' title='bbox 1394 4087 1429 4141; x_wconf 90' lang='lat' dir='ltr'><strong>ad</strong></span> 
     </span>
     <span class='ocr_line' id='line_1_36' title="bbox 252 4177 1429 4250; baseline -0.002 -20"><span class='ocrx_word' id='word_1_257' title='bbox 252 4177 358 4245; x_wconf 91' lang='lat' dir='ltr'><strong>Polybii</strong></span> <span class='ocrx_word' id='word_1_258' title='bbox 377 4183 506 4234; x_wconf 83' lang='lat' dir='ltr'><strong>aetatem.</strong></span> <span class='ocrx_word' id='word_1_259' title='bbox 544 4178 595 4232; x_wconf 85' lang='lat' dir='ltr'><strong>Oui</strong></span> <span class='ocrx_word' id='word_1_260' title='bbox 612 4177 651 4232; x_wconf 90' lang='lat' dir='ltr'><strong>rei</strong></span> <span class='ocrx_word' id='word_1_261' title='bbox 670 4185 833 4247; x_wconf 88' lang='lat' dir='ltr'><strong>argumento</strong></span> <span class='ocrx_word' id='word_1_262' title='bbox 853 4185 902 4246; x_wconf 90' lang='lat' dir='ltr'><strong>est,</strong></span> <span class='ocrx_word' id='word_1_263' title='bbox 922 4180 992 4246; x_wconf 87' lang='lat' dir='ltr'><strong>quod</strong></span> <span class='ocrx_word' id='word_1_264' title='bbox 1007 4181 1054 4234; x_wconf 91' lang='lat' dir='ltr'><strong>ubi</strong></span> <span class='ocrx_word' id='word_1_265' title='bbox 1068 4181 1101 4236; x_wconf 91' lang='lat' dir='ltr'><strong>de</strong></span> <span class='ocrx_word' id='word_1_266' title='bbox 1115 4179 1323 4250; x_wconf 88' lang='lat' dir='ltr'><strong>magistratibus</strong></span> <span class='ocrx_word' id='word_1_267' title='bbox 1337 4189 1429 4232; x_wconf 86' lang='lat' dir='ltr'><strong>meuse</strong></span> 
     </span>
    </p>
   </div>
   <div class='ocr_carea' id='block_1_6' title="bbox 252 4262 1430 4423">
    <p class='ocr_par' dir='ltr' id='par_1_11' title="bbox 252 4262 1430 4423">
     <span class='ocr_line' id='line_1_37' title="bbox 252 4262 1430 4337; baseline -0.002 -19"><span class='ocrx_word' id='word_1_268' title='bbox 252 4264 324 4319; x_wconf 83' lang='lat' dir='ltr'><strong>Maio</strong></span> <span class='ocrx_word' id='word_1_269' title='bbox 339 4265 439 4320; x_wconf 88' lang='lat' dir='ltr'><strong>creatis</strong></span> <span class='ocrx_word' id='word_1_270' title='bbox 460 4267 567 4334; x_wconf 90' lang='lat' dir='ltr'><strong>dicitnr,</strong></span> <span class='ocrx_word' id='word_1_271' title='bbox 588 4268 718 4322; x_wconf 88' lang='lat' dir='ltr'><strong>vocabulo</strong></span> <span class='ocrx_word' id='word_1_272' title='bbox 732 4263 789 4321; x_wconf 80' lang='grc' dir='ltr'><strong>τότε</strong></span> <span class='ocrx_word' id='word_1_273' title='bbox 803 4267 927 4337; x_wconf 88' lang='lat' dir='ltr'><strong>adposito</strong></span> <span class='ocrx_word' id='word_1_274' title='bbox 946 4267 1118 4337; x_wconf 89' lang='lat' dir='ltr'><strong>significatur</strong></span> <span class='ocrx_word' id='word_1_275' title='bbox 1138 4267 1267 4337; x_wconf 90' lang='lat' dir='ltr'><strong>temporis</strong></span> <span class='ocrx_word' id='word_1_276' title='bbox 1286 4262 1430 4335; x_wconf 84' lang='lat' dir='ltr'><strong>praeteriti</strong></span> 
     </span>
     <span class='ocr_line' id='line_1_38' title="bbox 253 4354 616 4423; baseline 0.003 -16"><span class='ocrx_word' id='word_1_277' title='bbox 253 4369 317 4408; x_wconf 87' lang='lat' dir='ltr'><strong>usus</strong></span> <span class='ocrx_word' id='word_1_278' title='bbox 337 4355 386 4423; x_wconf 77' lang='grc' dir='ltr'><strong>(Ν</strong></span> <span class='ocrx_word' id='word_1_279' title='bbox 405 4354 477 4421; x_wconf 83' lang='grc'><strong>37,1</strong></span> <span class='ocrx_word' id='word_1_280' title='bbox 497 4356 523 4404; x_wconf 89' lang='lat' dir='ltr'>V</span> <span class='ocrx_word' id='word_1_281' title='bbox 542 4355 616 4423; x_wconf 89' lang='lat'><strong>1,1).</strong></span> 
     </span>
    </p>
   </div>
   <div class='ocr_carea' id='block_1_7' title="bbox 0 0 1638 5062">
    <p class='ocr_par' dir='ltr' id='par_1_12' title="bbox 0 0 1638 5062">
     <span class='ocr_line' id='line_1_39' title="bbox 0 0 1638 5062; baseline 0 1"><span class='ocrx_word' id='word_1_282' title='bbox 0 0 1638 5062; x_wconf 95' lang='lat' dir='ltr'><strong> </strong></span> 
     </span>
    </p>
   </div>
  </div>
 </body>
</html>
