3266 5062
692 339 912 405 -35-

217 528 334 606 μένους
366 515 407 593 ὥς
435 517 492 586 ἐπὶ
520 523 566 606 τῷ
598 515 673 590 τοὺς
705 516 804 591 ἰδίους
835 524 1077 606 τεθαρρηκέναι
1108 525 1173 584 τῶν
1201 517 1388 604 ἐλεφάντων

215 624 462 715 κεκρατηκότας.

305 735 423 815 Itaque
459 732 543 813 quod
574 750 684 814 pugna
714 731 959 823 Panormitano,
996 737 1033 797 ut
1063 731 1150 798 infra
1183 732 1224 818 (p.
1252 734 1295 798 42
1329 734 1387 819 sq.)

217 840 518 918 demonstrabimus
546 838 714 904 commissa
736 843 787 906 est
809 839 843 905 0.
866 839 967 905 Atilio
995 840 1032 905 L.
1056 839 1177 906 Manlio
1201 859 1280 906 coss.
1304 860 1388 906 anno

219 950 294 1028 504,
312 948 456 1032 Libycae
479 950 587 1013 autem
601 963 729 1028 pugnae
743 963 796 1011 res
811 945 959 1029 singulae
976 946 1109 1013 Romam
1126 945 1296 1013 nuntiatae
1314 952 1391 1012 sunt

217 1073 302 1121 anno
327 1054 401 1134 500,
428 1053 635 1119 intercedunt
656 1051 744 1118 inter
766 1053 845 1118 duos
869 1054 926 1118 hos
949 1051 1103 1118 terminos
1125 1056 1193 1118 tres
1217 1053 1294 1118 anni
1317 1072 1389 1119 con-

220 1162 345 1227 sulares
382 1159 456 1240 501,
480 1159 554 1241 502,
579 1159 653 1225 503.
700 1157 823 1242 Quodsi
857 1160 1023 1242 neglectos
1059 1177 1130 1226 esse
1167 1159 1319 1225 sumimus
1354 1159 1389 1226 in
1470 1155 1473 1160 ’

220 1267 433 1350 computando
464 1266 553 1350 ipsos
580 1264 736 1332 terminos
763 1270 861 1346 atque
889 1266 1152 1348 praetermissum
1179 1285 1250 1332 esse
1276 1285 1390 1332 rursus

217 1394 336 1440 annum
360 1375 434 1451 502,
454 1372 574 1456 optime
592 1371 766 1438 concinunt
788 1371 916 1454 Polybii
938 1371 1038 1440 verba
1061 1371 1118 1438 ἐπὶ
1141 1370 1197 1439 δίο
1222 1370 1390 1446 ἐνιαυτοὺς

218 1482 381 1548 Romanos
404 1480 504 1546 fuisse
526 1480 561 1546 in
584 1484 679 1545 metu.

308 1606 363 1671 Ex
397 1605 449 1670 his
485 1604 589 1687 igitur
626 1602 766 1669 dilucide
802 1607 940 1686 apparet
973 1601 1008 1667 in
1040 1601 1170 1686 Polybii
1201 1604 1390 1671 narratione

220 1730 352 1794 prorsus
385 1730 455 1777 5555
488 1709 638 1776 omissum
670 1728 789 1776 annum
821 1711 894 1776 502.
941 1707 1012 1792 Qua
1044 1709 1084 1776 de
1111 1729 1209 1777 causa
1236 1712 1391 1778 assentiri

220 1838 286 1884 non
312 1837 441 1900 possum
464 1817 665 1896 Matzatio‚
698 1817 753 1897 qui
780 1836 898 1883 annum
926 1816 992 1882 504
1019 1816 1127 1902 dicit1)
1156 1836 1227 1884 esse
1253 1819 1390 1902 Polybio

219 1926 297 1992 55111
319 1930 469 2007 quartum
492 1925 648 1990 decimum
666 1927 848 2007 propterea,
871 1923 956 2004 qnod
977 1924 1042 1989 491
1068 1921 1125 2008 (=
1145 1924 1312 2010 51.129,1)
1331 1946 1389 2008 pro

221 2033 322 2115 primo
359 2031 437 2099 55111
473 2050 557 2097 5555
594 2030 753 2096 habuerit.
799 2027 863 2095 Sed
898 2031 982 2095 hanc
1014 2029 1293 2098 ratiocinationem
1326 2032 1391 2099 iam

220 2145 353 2222 propter
376 2137 602 2220 aequationem
624 2137 688 2200 491
713 2163 756 2194 =
780 2137 933 2215 51.129,1
958 2155 1108 2203 corruere
1128 2155 1145 2202 e
1165 2157 1263 2220 supra
1281 2137 1323 2223 (p.
1334 2139 1390 2226 28)

223 2245 318 2312 dictis
346 2245 560 2328 cognoscitur.
606 2241 756 2322 Accedit,
790 2244 873 2324 quod
905 2244 967 2308 hac
998 2243 1033 2308 in
1064 2243 1142 2309 belli
1174 2244 1391 2327 descriptione

222 2352 348 2418 omnino
379 2371 444 2417 non
475 2371 534 2435 per
561 2348 772 2434 olympiades
804 2356 841 2417 nt
867 2349 1079 2416 Matzatius
1106 2354 1215 2432 putat,
1249 2351 1305 2416 sed
1333 2372 1392 2434 per

220 2460 369 2525 consules
405 2457 560 2543 Polybius
601 2475 655 2522 res
691 2455 821 2540 digerit.
866 2456 963 2523 Nulla
1005 2456 1088 2522 enim
1126 2465 1391 2526 commemoratur

220 2566 378 2650 olympias
401 2563 651 2663 praeter'illam,
675 2563 715 2629 de
738 2583 802 2645 qua
826 2563 964 2629 diximum
986 2563 1079 2628 initio
1103 2563 1187 2628 belli.

310 2689 459 2756 Alterum
480 2690 678 2756 luculentum
701 2687 846 2754 15555155
865 2688 1088 2754 documentum
1106 2687 1141 2753 in
1159 2707 1196 2754 eo
1216 2690 1391 2773 deprehen·

222 2796 320 2876 ditur,
344 2797 428 2877 quod
450 2798 488 2863 L.
511 2795 639 2862 Iunium
662 2814 680 2860 5
698 2794 826 2878 Polybii
849 2793 958 2862 verbis
981 2799 1118 2876 apparet
1136 2796 1177 2861 ab
1197 2815 1233 2862 55
1252 2797 1391 2880 positum

223 2921 295 2968 5555
318 2902 479 2969 consulem
503 2921 565 2968 uno
588 2920 671 2968 anno
695 2905 769 2983 post
791 2901 828 2966 P.
852 2900 1027 2967 Claudium.

311 3028 396 3093 Nam
420 3026 560 3092 Romani
596 3025 1031 3093 narrantur‘munitionibus
1059 3025 1174 3106 quibus
1201 3026 1391 3111 Lilybaeum

222 3139 414 3217 saepserant
442 3133 558 3200 deletis
585 3132 712 3199 misisse
738 3132 857 3200 milites
883 3131 918 3197 in
942 3131 1083 3198 Siciliam
1111 3133 1147 3198 P.
1172 3133 1304 3199 Claudio
1329 3153 1392 3201 555.

222 3241 261 3328 (5.
271 3242 323 3322 49,
334 3241 377 3327 3).

311 3347 404 3432 Quod
425 3349 479 3414 hio
503 3348 587 3413 alter
610 3345 721 3411 consul
744 3346 831 3412 solus
853 3345 1046 3426 nominatur,
1069 3348 1131 3413 hac
1152 3347 1186 3413 in
1205 3367 1242 3414 re
1259 3366 1323 3413 non
1342 3354 1393 3415 est

222 3454 453 3520 offendendum.
499 3451 586 3519 Anni
613 3452 678 3516 497
708 3450 790 3517 enim
818 3452 980 3518 consulum
1008 3453 1086 3518 item
1109 3454 1142 3520 0.
1165 3453 1286 3520 Atilius
1308 3473 1392 3521 unus

223 3560 349 3626 nomine
371 3561 532 3627 laudatur.

312 3666 376 3734 Sed
403 3671 573 3749 postquam
596 3668 633 3733 P.
657 3665 826 3734 Claudium
851 3665 1000 3732 narravit
1022 3683 1126 3762 poena
1149 3667 1296 3734 affectum
1321 3687 1392 3735 esse

222 3779 356 3856 propter
375 3773 498 3839 cladem
516 3773 770 3856 Drepanitanam
790 3772 837 3838 sic
854 3773 965 3857 pergit
988 3771 1026 3859 (5.
1036 3773 1088 3852 52,
1098 3771 1132 3859 4)
1156 3770 1194 3839 οὐ
1217 3772 1284 3862 μὴν
1307 3776 1391 3856 οἵγε

221 3875 373 3963 Ῥωμαῖοι
386 3886 506 3966 καίπερ
526 3877 683 3944 τοιούτων
701 3879 952 3967 συμβεβηκότων
972 3878 1023 3947 διά
1043 3877 1103 3968 τὴν
1122 3877 1206 3968 ὑπὲρ
1226 3875 1392 3946 τῶνὸλων

225 3988 414 4071 φιλοτιμίαν
451 3982 545 4053 οὐδὲν
582 3982 762 4052 άπέλειπον
799 3992 864 4052 τῶν
900 3985 1132 4070 ἐνδεχομένων,
1171 3984 1241 4052 a'tt'
1265 3987 1391 4068 εἴχοντο

224 4098 289 4158 τῶν
304 4094 373 4180 ἑξῆς
382 4091 591 4180 πραγμάτων.
607 4088 656 4159 διὸ
665 4096 719 4158 καὶ
733 4091 942 4180 συνάψαντος
955 4100 1015 4160 τοῦ
1028 4091 1110 4160 κατὰ
1121 4090 1178 4167 τάς
1188 4090 1393 4180 ἀρχαιρεσίας

224 4197 341 4285 χρόνου
356 4197 550 4286 στρατηγοὺς
570 4195 715 4272 ὑπάτους
733 4197 992 4288 καταστήσαντες
1005 4205 1192 4286 παραυτίκα
1207 4198 1264 4266 τὸν
1279 4200 1392 4285 ἕτερον

315 4391 335 4462 ²)
354 4392 388 4448 cf.
409 4393 529 4450 Obrouol.
548 4394 577 4448 II
595 4409 620 4463 p.
640 4393 771 4449 asason.
790 4395 816 4449 2.

1141 4485 1178 4538 35
