3266 5062
719 293 938 358 ...39-

333 471 463 536 Cladem
485 469 587 554 igitur
608 471 710 553 ipsam
733 471 769 536 in
792 470 869 536 anni
891 472 957 536 499
975 470 1104 537 Initium
1122 471 1276 539 incidisse
1294 490 1412 554 magna
1512 471 1515 477 ⁴

245 596 316 643 cum
352 577 582 659 probabilitate
613 577 691 644 licet
722 583 875 644 statuere.
922 576 1045 661 Quibus
1078 578 1220 660 acceptis
1252 578 1410 662 Regulum

244 688 372 764 captum
405 702 475 750 esse
507 703 527 749 a
554 682 875 768 Carthaginiensibus
901 685 1033 752 ineunte
1065 703 1148 751 anno
1164 685 1241 750 ’499
1270 704 1287 750 9
1314 683 1410 751 fastis

243 789 470 871 trimphalibus
492 789 640 857 efficitur.

333 871 540 963 Conferainus
564 898 757 979 reliquorum
781 897 974 980 scriptorum
996 897 1190 965 testimonia.

242 1081 243 1086 ¹
331 1004 467 1071 Liuius
486 1005 591 1086 atqui
610 1024 681 1071 eum
700 1010 853 1071 secuntur
871 1004 1122 1071 internecionem
1136 1012 1249 1086 aperte
1263 1004 1413 1071 tribuunt

245 1111 425 1178 exordienti
457 1131 540 1177 anno
573 1113 647 1177 499.
701 1112 741 1178 Id
774 1111 1019 1178 concluditur
1051 1132 1069 1178 9
1100 1111 1252 1195 periocha
1283 1111 1411 1191 XVIII,
1470 1113 1472 1117 ’

245 1217 298 1282 991
315 1218 473 1300 Regulum
497 1218 599 1300 ipsum
623 1223 778 1285 narratur
800 1217 863 1284 sibi
885 1217 1041 1301 petivisse
1069 1237 1285 1285 successorem
1313 1216 1409 1300 paulo

243 1327 321 1390 ante
337 1344 477 1407 pugnam
491 1345 595 1407 neque
610 1329 718 1391 tamen
732 1323 864 1390 missum
878 1343 948 1391 esse
962 1345 982 1392 a
997 1329 1112 1391 senatu
1125 1344 1279 1406 prospere
1292 1324 1411 1390 bellum

243 1429 378 1513 gerenti.
393 1430 486 1514 Quod
495 1431 662 1497 coufirmat
672 1431 850 1497 Valerius
860 1431 1047 1497 Maximus
1057 1431 1177 1497 eisdem
1186 1431 1255 1498 iere
1264 1429 1411 1516 verbis.¹)

331 1537 626 1603 Demonstratur
653 1538 737 1604 idem
761 1537 888 1604 Orosii
911 1537 1019 1604 verbis
1042 1537 1090 1603 IV
1100 1539 1160 1619 9,3
1180 1537 1332 1620 ‘Regulus
1354 1537 1412 1604 ille

244 1642 308 1708 dux
339 1642 455 1708 nobilis
488 1663 557 1709 cum
590 1645 774 1727 quingentis
805 1644 886 1712 viris
918 1649 1032 1726 captus
1065 1648 1116 1710 est
1147 1649 1180 1710 91
1211 1644 1245 1709 19
1278 1649 1410 1710 catenas

243 1748 405 1815 coniectus
424 1749 565 1816 decimo
584 1752 708 1818 demum
728 1770 811 1818 anno
829 1750 945 1816 Punici
963 1752 1040 1818 belli
1057 1751 1196 1818 nobilem
1214 1750 1410 1833 triumphum

242 1853 564 1939 Carthaginiensibus
587 1859 753 1940 praebuit’.
1122 1925 1124 1928 .

328 1963 375 2027 Et
397 1963 458 2028 hoo
477 1983 554 2030 sane
572 1984 665 2030 nemo
685 1964 820 2048 negabit
837 1963 913 2030 belli
933 1963 1090 2030 decimum
1110 1981 1181 2030 esse
1199 1983 1315 2030 annum
1334 1964 1410 2044 499,

242 2087 302 2148 quc
321 2069 547 2151 magistratum
565 2070 710 2136 inierunt
727 2070 883 2136 Aemilius
902 2071 1037 2136 Paullus
1056 2074 1090 2135 91
1107 2069 1243 2136 Fulvius
1262 2069 1409 2136 Nobilior

242 2193 321 2240 coss.
350 2173 483 2241 Orosio
521 2180 627 2242 autem
665 2195 736 2243 eum
769 2195 888 2242 annum
921 2175 1078 2243 decimum
1109 2176 1209 2243 fuisse
1240 2176 1292 2244 vel
1324 2177 1411 2268 hunc

241 2281 430 2363 scriptorem
461 2281 630 2349 inclusisse
662 2285 772 2349 ambos
799 2283 954 2350 terminos
979 2282 1014 2349 in
1041 2283 1183 2350 numeris
1211 2283 1411 2350 ordinalibus

240 2388 462 2472 computandis
480 2389 555 2455 iude
573 2395 717 2472 apparet,
736 2390 820 2471 quod
838 2389 968 2458 Servilii
987 2389 1157 2474 Caepionis
1180 2395 1213 2457 et
1231 2388 1411 2472 Sempronii

240 2495 350 2562 Blaesi
374 2497 574 2563 consulatum
598 2495 675 2561 anni
697 2494 761 2560 501
787 2497 866 2562 dicit
892 2496 993 2564 fuisse
1016 2497 1174 2564 tertium
1197 2502 1271 2578 post
1289 2501 1409 2578 tempe·

241 2606 358 2668 statem
381 2603 423 2668 ad
446 2603 646 2669 Camerinam
671 2602 812 2689 ortam),
835 2623 930 2685 quam
951 2603 1034 2670 falso
1057 2602 1175 2669 tribuit
1196 2622 1280 2669 anno
1303 2603 1388 2668 499.Ι

329 2709 696 2790 sequacitatem
727 2710 978 2776 concludendum
1009 2710 1206 2792 triumphum
1239 2709 1409 2792 Carthagi·

241 2813 398 2880 niensium
425 2815 526 2880 solum
552 2814 586 2879 in
613 2834 730 2881 annum
758 2816 824 2880 499
851 2815 1018 2896 incidisse,
1047 2806 1216 2884 victoriam
1244 2817 1346 2899 ipsam
1374 2816 1409 2882 in

240 2921 333 2987 finem
357 2941 385 2987 a.
408 2921 483 3001 498,
507 2921 591 3002 quod
608 2920 704 3004 plane
725 2927 888 3006 pugnaret
910 2942 978 2988 cum
1003 2928 1074 2990 tota
1093 2921 1409 3006 Carthaginiensium

241 3028 433 3094 condicione.
479 3029 562 3094 Nam
598 3043 662 3094 non
699 3033 750 3094 est
782 3029 935 3112 dubium,¹
961 3029 1038 3110 quin
1069 3028 1210 3106 victoria
1240 3033 1411 3111 reportata

240 3133 349 3201 statim
387 3135 548 3201 consulem
582 3135 726 3202 vinetum
758 3135 910 3202 duxerint
940 3155 999 3218 per
1031 3135 1268 3218 Carthaginem.
1318 3135 1408 3200 Idem

240 3243 465 3323 comprobatur
488 3241 618 3308 Orosii
644 3241 747 3323 ipsius
769 3242 878 3309 verbis
902 3242 950 3308 IV
962 3242 1012 3322 10,
1026 3245 1053 3321 1,
1078 3261 1139 3323 quo
1161 3243 1231 3308 loco
1254 3247 1410 3308 narratur

241 3346 524 3432 Carthaginienses
555 3349 593 3413 L.
622 3347 760 3414 Caecilio
787 3348 919 3416 Metello
949 3348 981 3414 C.
1010 3347 1110 3414 Furio
1138 3347 1300 3433 Placidoss)
1324 3367 1405 3414 coss.

240 3487 450 3500 —¹-————

329 3541 348 3610 1)
367 3541 437 3608 IV4,
448 3543 464 3596 6
475 3543 607 3610 ‘Regulus
625 3572 660 3581 —
679 3558 739 3596 cum
753 3547 978 3612 —prorogatum
998 3541 1048 3598 sihi
1068 3543 1100 3598 ob
1119 3542 1186 3596 bene
1205 3547 1299 3612 gestas
1318 3557 1360 3596 res
1378 3542 1408 3596 in

482 3631 631 3696 proximum
649 3647 749 3684 annum
766 3630 910 3698 imperium
928 3632 1086 3700 cognosset’.

328 3717 562 3787 2)1119,10199119
581 3735 650 3773 anno
670 3750 704 3759 -
723 3719 793 3773 sicut
811 3734 917 3786 semper

481 3807 555 3861 furor
573 3807 719 3862 indomitus
738 3810 792 3862 cito
807 3807 901 3874 pericli
915 3808 1055 3863 oblisoitur
1070 3807 1300 3878 (9111199991ίί
1316 3807 1407 3864 comio.

482 3897 523 3972 ed.
542 3896 571 3951 ΙΙ
589 3912 614 3963 p.
634 3897 694 3951 390.
713 3896 785 3965 311).

327 3984 454 4040 Servilius
478 3985 576 4054 Caepio
600 3990 629 4040 et
646 3985 815 4052 Sempronius
832 3986 947 4040 Blaesus
969 3988 1090 4042 consules
1114 3987 1236 4042 ducentis
1260 3984 1408 4054 sexaginta

240 4070 352 4126 navibus
370 4073 399 4127 in
416 4073 535 4128 Africam
553 4074 725 4142 transgressi.

328 4160 347 4230 ³)
368 4161 509 4216 ‘Placidus'
533 4170 580 4230 pro
605 4161 720 4231 ιΡ99119,
746 4162 815 4230 quod
840 4163 969 4218 exhibent
991 4163 1056 4219 fasti
1075 4164 1233 4232 Capitolini,
1257 4165 1359 4235 legitur
1378 4168 1408 4218 et

238 4249 311 4318 apud
338 4249 485 4305 Orosium
517 4256 544 4306 et
577 4251 648 4319 apud
679 4251 875 4319 Eutropium
903 4251 993 4320 1124,
1014 4253 1042 4307 1:
1081 4255 1113 4309 91,
1141 4253 1407 4324 Zangemeister‚

237 4337 357 4395 Heidelb.
378 4337 543 4407 Festschrift
559 4339 629 4394 1882
647 4357 673 4408 p.
694 4340 753 4395 102.
