3266 5062
746 333 968 400 ..32-

270 511 424 594 dragInta
458 511 529 578 fere
565 510 679 578 (liebus
713 516 789 594 post
822 510 992 579 victorum
1028 531 1048 579 a
1089 511 1208 578 Poenis
1242 517 1447 596 reportatam

254 617 424 704 ‘Romae¹)
447 637 519 685 esse
541 617 657 701 potuit,
680 617 895 702 triumphavit
921 638 950 685 a.
974 617 1004 684 d.
1027 618 1101 685 VII.
1124 618 1203 686 Idus
1225 619 1447 702 Septembrem

271 743 354 806 quae
375 723 561 792 testimonia
583 722 613 790 si
635 724 884 807 comparaveris,
907 725 987 792 haeo
1010 743 1135 806 quoque
1156 730 1303 808 tempora
1321 725 1451 794 duobus

271 832 432 900 mensibus
453 830 541 898 inter
563 849 599 897 se
621 830 747 898 distare
768 829 902 898 videbis.

360 954 425 1022 Sed
446 954 678 1022 Fraenkelii
702 954 866 1022 sententia
889 954 963 1022 aliis
986 975 1120 1039 quoque,
1139 963 1177 1024 ut
1196 956 1340 1039 equidem
1360 956 1451 1024 arbi-

271 1068 350 1143 tror,
372 1061 582 1128 confirmatur
604 1061 813 1145 argumentis,
1219 1097 1221 1102 ·

360 1168 454 1234 Anno
481 1169 546 1235 491
575 1167 784 1248 M’Valerius‚
811 1169 1016 1236 M’Otacilius
1043 1189 1123 1238 ooss.
1146 1176 1316 1254 postquam
1343 1171 1450 1237 multa
1588 1248 1589 1259 χ

272 1273 452 1342 Siculorum
470 1275 590 1359 oppida
607 1275 826 1342 adiunxerant
843 1277 886 1344 ad
904 1277 1121 1344 Romanorum
1139 1283 1260 1362 partes,
1282 1275 1445 1361 Rhegium
1588 1264 1590 1283 '

271 1386 482 1451 revertuntur
505 1379 557 1448 διὰ
580 1377 638 1448 τὸν
661 1388 815 1466 χειμῶνα.
823 1382 848 1464 ²)

362 1489 454 1573 Quod
480 1493 608 1572 tempus
635 1507 659 1555 e
680 1489 887 1570 sequentibus
913 1492 1010 1573 paulo
1043 1490 1230 1557 distInotius
1261 1489 1340 1557 lieet
1368 1489 1444 1556 defi-

272 1595 352 1663 nire.
398 1597 479 1662 Nam
502 1596 540 1662 L.
559 1594 745 1662 Postumius
764 1595 800 1680 Q.
819 1595 972 1663 Manilius
990 1596 1129 1678 proximi
1152 1597 1230 1663 anni
1248 1614 1329 1663 ooss.
1347 1595 1444 1680 Agri·

272 1706 371 1786 gento
395 1707 579 1786 expugnato
606 1702 789 1768 Messanam
815 1703 952 1770 redeunt
978 1702 1042 1787 ipsi
1069 1723 1194 1786 quoque
1222 1699 1276 1770 διὰ
1304 1699 1362 1768 τὸν
1383 1725 1446 1783 χει-

272 1807 407 1895 μῶναθ)
457 1808 659 1876 Obsederant
685 1812 793 1874 autem
821 1808 971 1891 oppidum
998 1809 1073 1876 inde
1105 1830 1126 1877 a
1157 1809 1271 1877 messis
1301 1814 1443 1892 tempore

274 1913 328 1981 vel
350 1933 459 1982 mense
481 1915 576 1982 Iunio
598 1934 657 1998 per
684 1917 806 1997 septam
833 1934 959 1982 menses
986 1917 1153 2001 Polybio
1181 1917 1281 2003 (118,
1301 1916 1321 1980 6
1347 1917 1398 1995 19,
1410 1913 1439 2000 6)

274 2025 414 2103 auctore,
436 2041 496 2105 per
518 2041 575 2089 sex
598 2021 851 2088 sIDiodorum
874 2021 925 2108 (fr.
948 2023 1069 2090 XXIII
1088 2023 1120 2110 9)
1148 2021 1335 2109 sequeris).
1380 2023 1441 2088 Eu·

273 2133 452 2213 pugnaturn
477 2129 581 2213 igitur
613 2133 664 2195 est
690 2128 907 2213 Agrigentum
939 2129 1043 2196 medio
1075 2147 1183 2197 meuse
1209 2128 1361 2196 Ianuario
1393 2129 1444 2197 vel

274 2237 448 2302 secundum
469 2235 676 2302 Diodorum
699 2235 879 2302 Decembri.

362 2343 478 2423 Itaque
504 2343 565 2408 hoc
597 2342 674 2408 anni
705 2347 848 2424 tempore
875 2341 1043 2412 redierunt
1075 2342 1231 2410 consules.
1249 2343 1443 2421 Messanam,

275 2449 359 2529 quod
382 2449 551 2514 Zonaras
574 2448 736 2531 expressit
757 2449 866 2517 verbis
893 2447 946 2515 διὰ
969 2448 1200 2534 siopomenon.
1246 2450 1359 2529 Neque
1382 2447 1445 2514 alio

275 2558 419 2638 tempore
446 2560 653 2623 reverterunt
674 2554 836 2639 Rhegium
862 2543 1059 2622 M’Valerius
1087 2555 1292 2623 IPOtacilius
1316 2560 1447 2622 'antece

276 2661 383 2728 dentis
409 2661 486 2728 anni
513 2681 606 2743 coss,
634 2661 689 2743 qui
716 2662 809 2727 ambo
836 2661 970 2728 Romam
995 2668 1155 2730 venerunt
1188 2668 1277 2729 certe
1304 2666 1447 2728 extremo

274 2767 428 2835 Ianuario
450 2769 503 2836 vel
521 2767 700 2835 Decembri.
736 2753 839 2849 Atqui
857 2767 1067 2836 M’Valerium
1085 2769 1166 2836 fasti
1184 2769 1320 2836 tradunt
1336 2768 1448 2834 trium·

276 2875 373 2958 phum
387 2874 664 2961 egissea.d.XVI.
687 2874 853 2942 Kalendas
863 2875 1002 2958 Apriles
1020 2878 1105 2944 undo
1118 2895 1236 2943 annum
1247 2875 1447 2942 consularem

276 2983 340 3046 491
365 2988 502 3064 apparet
523 2980 739 3065 praecessisse
761 2980 905 3047 naturali
928 2983 1051 3050 duobus
1073 2984 1127 3051 vel
1149 2983 1255 3049 tribus
1278 2980 1449 3048 mensibus.

365 3105 521 3172 Similiter
561 3124 614 3173 res
655 3124 725 3171 sese
766 3104 865 3171 habet
904 3124 989 3172 anno
1030 3107 1105 3172 496.
1155 3106 1238 3172 Nam
1278 3110 1447 3190 postquam

277 3212 310 3278 C.
333 3211 456 3279 Atilius
484 3211 608 3279 cosin
636 3211 779 3278 Siciliam
806 3211 954 3292 advenit,
982 3213 1067 3294 quod
1092 3210 1214 3279 factum
1243 3218 1295 3279 est
1316 3212 1449 3278 ineunte

277 3319 432 3404 aestate)
459 3318 479 3385 i.
503 3338 530 3385 e.
557 3336 667 3384 mense
692 3317 800 3400 Iunis,
833 3338 853 3385 a
880 3318 913 3384 Ο.
941 3318 1084 3400 Aquillio
1112 3318 1211 3385 Floro
1244 3321 1449 3403 expugnatur

276 3424 510 3509 Mytistratum.
556 3423 620 3491 Sed
648 3425 760 3491 consul
787 3444 977 3506 quamquam
1000 3426 1122 3493 Romae
1150 3432 1223 3492 erat
1249 3426 1313 3492 iam
1339 3443 1451 3492 menso

277 3528 434 3613 Quinotili
457 3529 673 3616 triumphavit
695 3532 820 3598 demum
843 3551 872 3598 a.
896 3532 925 3598 d.
949 3532 1005 3598 IV.
1028 3533 1139 3599 Nonas
1161 3532 1329 3600 Octobres.

365 3655 487 3738 Eodem
524 3675 609 3722 anno
646 3656 679 3722 C.
712 3655 835 3722 Atilius
872 3655 905 3722 O.
933 3655 1095 3739 Sulpiqus
1131 3675 1204 3722 oum
1239 3656 1274 3722 iu
1306 3655 1446 3724 Siciliam

276 3761 444 3830 venissent
471 3767 582 3828 eastra
604 3767 774 3829 moverunt
796 3763 988 3828 Panormum
1020 3759 1073 3828 διὰ
1096 3759 1134 3829 τὸ
1157 3759 1214 3836 τὰς
1237 3769 1301 3830 τῶν
1326 3771 1451 3851 Καρχη-

367 3939 388 4010 ¹)
407 3939 577 3994 Fraenkel
595 3939 613 3993 1.
633 3955 655 3992 o.
674 3954 699 4006 p.
720 3939 763 3994 16.

366 4027 387 4097 ²)
405 4028 524 4082 Zonaras
542 4027 613 4081 VIII
631 4028 648 4082 9
668 4027 691 4081 Ρ
710 4028 724 4082 Ι
742 4027 795 4081 385
805 4028 837 4083 B.

367 4117 386 4186 ³)
407 4117 440 4171 of.
461 4116 538 4172 eund.
557 4116 628 4170 VIII
647 4116 682 4170 10
699 4116 722 4169 Ρ
740 4117 755 4170 Ι
773 4116 826 4170 386
843 4117 875 4172 Β.

365 4206 386 4275 ⁴)
406 4207 439 4260 de
458 4204 587 4273 temporis
607 4204 758 4260 discrimine
777 4205 811 4261 cf.
830 4207 856 4260 N
861 4205 990 4276 erling,
1019 4207 1059 4261 De
1082 4206 1147 4263 belli
1169 4206 1265 4262 Punici
1283 4203 1363 4274 primi
1383 4205 1454 4266 sori·

276 4301 385 4363 piorum
402 4293 523 4349 fontibus
542 4311 568 4363 p.
587 4293 630 4351 27.

366 4383 387 4452 l)
406 4383 524 4438 Zonaras
542 4383 613 4438 VIII
632 4384 666 4438 11
684 4384 707 4438 Ρ
725 4385 740 4440 Ι
758 4385 849 4440 3880.
